3384 5212
777 499 917 549 ,3,-

298 630 525 710 proferrentur,
549 630 655 710 specie
677 630 809 710 quidem
844 630 972 704 similia,
997 630 1053 693 sed
1077 650 1188 708 reapse
1212 629 1244 690 vi
1267 639 1300 690 et
1324 649 1392 691 sen·

300 740 400 803 tentia
422 740 600 806 dissimilia.

389 854 572 925 Praeterea,
597 873 681 933 quae
715 873 811 940 causa
845 864 907 925 est,
932 873 989 914 cnr
1023 852 1077 913 illa
1112 863 1177 913 tam
1212 851 1393 931 vituperata

299 965 468 1028 consensio
491 965 575 1027 inter
603 966 736 1028 Culicem
752 952 784 1027 et
805 966 927 1045 reliqua
951 965 1086 1046 Vergilii
1110 965 1253 1027 carmina
1276 964 1393 1025 idonea

298 1077 340 1138 ad
362 1077 565 1156 antiquitatis
589 1078 772 1140 testimonia
800 1079 1019 1140 confirmanda
1051 1079 1140 1140 nullo
1172 1079 1268 1140 modo
1304 1089 1393 1158 pute·

299 1189 390 1249 mus?
414 1189 524 1268 Atque
546 1211 616 1269 ego,
642 1210 714 1251 cum
740 1190 911 1268 quaedam,
936 1189 1143 1270 Vergilianae
1165 1188 1303 1250 orationi
1327 1190 1393 1251 fere

299 1298 480 1376 peculiaria,
505 1301 638 1362 omnino
661 1322 726 1362 non
750 1301 860 1363 deesse
884 1301 917 1363 in
947 1301 1050 1364 Colice
1079 1301 1390 1373 animadvertissem,

299 1429 338 1471 eo
362 1409 515 1472 maiorem
542 1412 637 1474 fidem
662 1433 731 1474 esse
755 1413 917 1474 veteribus
940 1413 1075 1474 testibus
1099 1413 1302 1474 tribuendam
1330 1413 1394 1474 exi-

298 1517 437 1583 stimavi.
462 1520 636 1599 Reperitur
659 1521 745 1582 enim
770 1522 802 1582 in
833 1522 954 1584 Culice:
1229 1520 1231 1526 ⁴

431 1747 463 1827 a)
489 1746 541 1809 ille
564 1747 769 1828 Vergilianus
795 1748 920 1808 dativus
943 1746 1133 1828 ὃυναμικὸς,
1155 1748 1201 1824 (1)
1225 1767 1322 1824 quem
1347 1745 1393 1806 di-

299 1869 385 1930 cunt,
410 1859 462 1941 (cf.
492 1882 543 1926 vv.
576 1879 626 1937 24,
653 1878 704 1937 52,
731 1878 782 1937 53,
811 1880 882 1932 102,
912 1877 982 1937 127,
1012 1877 1083 1936 151,
1112 1876 1182 1935 171,
1216 1864 1287 1934 187,
1318 1876 1390 1929 221,

301 1971 422 2050 246···);

384 2255 389 2262 .
431 2197 461 2275 b)
484 2194 537 2255 illa
561 2193 764 2281 ἐπαναφορὰ,
779 2162 850 2275 quav
867 2195 1053 2274 saepissime
1070 2216 1148 2256 usus
1164 2205 1212 2255 est
1228 2191 1392 2272 Vergilius

250 2281 253 2288 A
299 2304 331 2365 in
355 2306 505 2407 omnibns
529 2296 726 2370 carminibus
750 2310 799 2389 (cs.
818 2331 868 2373 vv.
888 2328 996 2385 90-91;
1018 2326 1123 2385 124·5;
1145 2327 1234 2383 1324
1243 2325 1294 2383 33,
1320 2324 1392 2382 134-

272 2408 275 2414 ’
303 2434 373 2493 Ι33,
401 2424 564 2495 217·218;
591 2423 741 2495 263-266,
769 2424 920 2496 213276,
953 2423 1104 2494 293296,
1134 2423 1287 2494 348349,
1316 2433 1392 2492 339-

301 2528 420 2605 360···);
1353 2557 1356 2563 ·

226 2736 259 2819 J
333 2791 334 2794 ¹
429 2752 454 2825 c)
472 2750 639 2812 notissima
651 2749 863 2830 transgressio
882 2774 900 2808 «
910 2761 967 2811 et»
983 2747 1218 2810 coniunctionis
1230 2749 1281 2827 (cs.
1295 2769 1348 2811 vv.
1360 2768 1391 2824 4,

301 2880 350 2932 1²,
377 2881 427 2939 23,
454 2881 506 2941 37,
530 2883 582 2940 44,
608 2881 659 2940 32,
687 2880 760 2945 246,
790 2881 860 2940 Ι33,
888 2861 975 2940 3948

431 3087 466 3162 dl
492 3106 569 3147 usus
592 3084 725 3164 quidam
761 3084 921 3163 participii
944 3080 1059 3145 futuris
1082 3082 1134 3162 (cs.
1161 3100 1211 3152 20,
1238 3087 1289 3157 38,
1318 3101 1390 3158 114;

300 3203 361 3273 285
385 3197 564 3280 [auditura]
589 3197 640 3258 cui
676 3198 848 3276 respondet
885 3203 946 3274 287
971 3195 1168 3278 [ducendam]
1193 3205 1228 3254 ut
1253 3194 1284 3253 in
1310 3195 1388 3254 Aen.

298 3309 343 3368 IV
368 3314 431 3384 308
455 3320 487 3369 et
512 3327 586 3384 3213
612 3306 687 3384 338,-
712 3313 785 3384 362,
813 3310 933 3386 381...);
958 3305 1107 3385 denique,
1126 3327 1165 3366 ne
1182 3306 1299 3385 longus
1318 3305 1391 3383 sim,
1491 3379 1494 3384 .

298 3419 512 3480 redundantia
537 3419 589 3480 illa
612 3418 776 3491 orationis
801 3440 898 3497 quam
924 3417 1093 3497 praecipue
1110 3417 1142 3477 in
1162 3419 1282 3478 Aem'de
1305 3439 1391 3496 repe-

298 3530 398 3592 rimus
423 3534 486 3612 (vv.
513 3538 553 3609 38
579 3543 610 3593 et
633 3552 685 3609 41,
712 3550 752 3609 50
777 3543 809 3594 ct
833 3550 884 3609 54,
913 3536 1061 3608 157·161,
1089 3549 1229 3607 213214
1256 3541 1288 3591 et
1316 3536 1391 3606 258-

300 3658 372 3717 239,
399 3660 458 3718 392
486 3653 518 3702 et
542 3645 630 3724 396).
1034 3660 1036 3664 ’

368 3924 408 3989 (1)
429 3923 516 3973 Hunc
542 3936 640 3973 casum
660 3920 689 3972 in
707 3920 852 3986 prioribus
880 3937 930 3973 sex
958 3920 1038 3973 libris
1066 3920 1208 3973 Aeneidos
1236 3921 1394 3988 diligenter*

297 4023 463 4081 persecutus
477 4022 520 4067 est
531 4014 610 4080 apud
629 4031 682 4066 nos
701 4016 917 4068 Sannnnnuus.
934 4016 976 4068 Cf.
991 4015 1075 4068 Stzuli
1091 4014 1187 4070 critici
1198 4015 1387 4069 sull'Eneide.

297 4108 412 4176 Lonigo
433 4111 511 4184 1889,
531 4124 560 4175 p.
582 4112 615 4174 67
635 4124 699 4187 sqq.
