3384 5212
753 505 895 560 „15-

369 655 441 717 Hoc
465 653 562 716 modo
585 653 758 716 arbitratus
781 666 839 726 est,
864 677 898 717 se
922 676 1016 734 posse
1038 655 1218 729 adfirmare,
1243 656 1298 718 vix
1322 677 1376 719 no·

282 767 415 847 naginta
439 789 495 829 sex
519 788 630 828 versus
655 767 843 829 tribuendos
867 789 936 829 esse
960 769 1114 849 Vergilio,
1129 771 1220 832 cuius
1237 793 1375 844 carmen,

281 880 471 940 volventibus
492 882 606 950 annis,
643 878 723 939 mire
747 900 784 940 ac
807 879 871 940 fere
895 901 992 957 supra
1016 880 1111 965 fidem
1135 892 1266 943 auctum
1297 903 1376 947 esse.

281 992 371 1053 Idem
401 992 534 1054 Culicem
559 993 602 1054 ita
627 994 659 1053 in
684 1005 756 1055 octo
784 994 955 1072 strophaS,
991 1015 1072 1073 quas
1096 1007 1214 1057 vocant
1251 995 1375 1068 Graeci,

281 1105 468 1166 duodenum
494 1105 724 1166 versiculorum
756 1106 942 1178 distribuit,
980 1118 1014 1167 ut
1038 1106 1188 1167 carminis
1218 1106 1321 1184 prima
1344 1118 1376 1168 et

281 1227 425 1278 extrema
439 1238 513 1296 pars
529 1216 650 1278 vicenis
670 1216 835 1295 quaternis
849 1221 1000 1298 (12412)
1014 1217 1160 1279 versibus
1182 1230 1374 1291 constarent,

282 1326 388 1388 media
412 1339 519 1388 autem
544 1326 896 1406 duodequinquagenis
921 1337 974 1404 (12
995 1334 1028 1402 -Ι-
1050 1347 1089 1404 24
1108 1331 1141 1398 †
1163 1332 1225 1407 12).
1251 1332 1262 1409 l
1287 1330 1297 1403 )

279 1491 437 1498 ———-

351 1580 390 1652 (1)
411 1581 468 1634 Hic
486 1587 600 1634 tantum
620 1582 874 1634 Hmnonnnuorn
894 1581 1109 1634 conclusionem
1129 1599 1266 1646 mem0r0;
1288 1554 1371 1648 plura

278 1673 307 1726 in
326 1673 388 1727 eius
406 1673 498 1737 libro,
519 1672 569 1739 qui
589 1672 675 1736 volet,
696 1672 793 1738 legere
811 1671 918 1738 poterit
937 1670 983 1741 (V.
1004 1688 1032 1737 p.
1055 1670 1100 1743 90)
1116 1689 1122 1724 :
1144 1671 1184 1724 So
1203 1671 1281 1724 stellt
1312 1672 1374 1726 sich

278 1769 330 1820 das
348 1766 472 1819 Schema
490 1765 584 1818 dieser
601 1766 646 1818 bis
665 1765 710 1817 ins
729 1765 866 1818 Einzelne
885 1765 1089 1831 ausgesuhrten
1118 1765 1291 1831 Symmetrie
1320 1766 1374 1818 wic

278 1860 351 1926 lolgt
369 1859 438 1913 dar:

270 2017 522 2102 *Vorgeschichte
577 2037 655 2088 Kern
675 2036 726 2088 der
763 2035 923 2101 Handlung
1060 2034 1311 2100 Nachgeschichte

315 2144 347 2179 12
405 2132 431 2188 †
479 2143 510 2179 12
587 2143 618 2178 12
677 2138 699 2186 ÷
745 2143 779 2191 24
828 2140 853 2184 ·÷
906 2143 937 2178 12
1060 2143 1091 2179 12
1185 2138 1210 2192 4-
1289 2143 1321 2178 12

277 2219 386 2260 Austrieb
562 2219 645 2259 Nahen
721 2218 816 2270 Angrifs
866 2220 960 2270 Tdtung
1002 2219 1164 2270 Erscheinung
1232 2219 1374 2272 Errichtung

311 2287 360 2329 und
441 2288 534 2329 Tranke
588 2288 630 2329 der
746 2289 794 2330 und
901 2289 943 2330 der
1010 2289 1051 2331 der
1066 2290 1153 2331 Miicke
1279 2290 1321 2332 des

301 2365 383 2408 Weide
544 2365 660 2415 Schlange
715 2366 818 2416 Rettung
853 2365 970 2416 Schlange
1012 2366 1059 2407 und
1075 2367 1149 2417 Klage
1225 2367 1372 2418 Kenotaphs.

350 2490 496 2543 Nos-vix
514 2506 588 2556 opus
607 2497 651 2542 est
669 2490 867 2543 dicere—cum
887 2490 921 2542 iis
941 2490 1034 2543 doctis
1053 2490 1211 2542 maximum
1231 2489 1373 2542 honorem

278 2585 440 2649 tribuimus,
461 2584 511 2650 qui
531 2584 612 2648 nihil,
633 2583 688 2636 nisi
711 2584 847 2637 omnibus
866 2583 951 2636 rebus
971 2583 1195 2650 circumspectis,
1207 2582 1370 2648 adfirment;

277 2683 338 2728 tum
357 2693 408 2729 eos
427 2675 621 2742 deplorandos
640 2676 846 2738 existimamus,
867 2675 926 2740 qui,
948 2690 1013 2726 cum
1042 2673 1184 2727 subtiliter
1214 2672 1371 2739 disputent,

277 2767 545 2820 mathematicorum
565 2766 675 2818 ratione
694 2765 803 2832 aliquid
822 2763 1006 2817 concludant.
1036 2764 1075 2815 Hi
1104 2765 1181 2816 enim
1209 2765 1371 2816 orationem

277 2859 425 2927 scriptoris
444 2858 661 2921 comminuunt,
683 2858 769 2909 verba
788 2864 900 2908 tantum
920 2855 1163 2920 animadvertunt,
1184 2856 1289 2909 librum
1308 2856 1373 2921 ple-

278 2970 347 3007 num
367 2952 566 3006 delectationis
586 2951 821 3004 molestissimum
840 2950 976 3013 efficiunt;
998 2949 1068 3002 dum
1087 2949 1126 3014 id,
1148 2949 1227 3016 quod
1241 2951 1295 3003 sibi
1309 2967 1373 3016 pro-

278 3045 404 3111 positum
423 3043 469 3107 sit,
485 3043 642 3095 inveniant.
658 3043 758 3106 Itaque
771 3058 857 3106 saepe
871 3041 900 3092 in
914 3041 1048 3104 carmine,
1064 3058 1138 3106 quae
1151 3042 1273 3094 ornandi
1287 3059 1373 3095 causa
1412 3095 1414 3099 .

277 3139 376 3191 addita
394 3145 461 3190 sunt
480 3155 496 3189 a
515 3145 610 3202 poeta,
632 3137 731 3202 pulcra
751 3136 867 3202 quidem
890 3142 918 3188 et
937 3135 1115 3201 admiranda,
1137 3153 1171 3188 ea
1190 3136 1333 3201 facillime,
1349 3135 1372 3188 si

277 3238 401 3302 videtur,
422 3236 553 3291 reiciunt.

349 3328 436 3393 Quod
445 3326 590 3379 attinetad
601 3325 893 3379 Hildebrandtianam
907 3321 1084 3392 συμμετρίαν,
1094 3331 1126 3376 ut
1139 3324 1279 3377 vocabulo
1292 3340 1372 3389 grae-

279 3437 313 3473 co
326 3428 399 3484 utar,
420 3420 449 3472 in
469 3419 562 3472 nullas
581 3436 645 3472 esse
665 3420 798 3485 strophas
809 3417 1025 3472 distribuendos
1039 3418 1141 3470 Culicis
1160 3434 1267 3481 versus,
1280 3417 1373 3483 magis

278 3513 413 3566 credibile
432 3513 502 3565 mihi
522 3513 644 3577 videtur,
667 3530 742 3577 cum,
763 3513 786 3565 si
807 3513 826 3566 ii
845 3528 954 3576 versuS,
981 3527 1054 3577 quos
1073 3511 1199 3576 strophis
1223 3509 1372 3563 devinctos

278 3609 558 3658 Hinnenunuorrus
578 3605 752 3670 arbitretur,
779 3622 844 3657 cum
869 3605 985 3671 reliquis
1002 3645 1007 3667 ,
1033 3621 1106 3670 quos
1125 3604 1187 3669 ipse
1206 3602 1373 3655 interiectos

277 3698 371 3763 dicat,
393 3705 614 3763 comparentur,
643 3698 713 3750 nihil
733 3699 791 3750 fere
811 3699 884 3750 inter
904 3699 956 3750 hos
976 3706 1004 3750 et
1024 3697 1089 3749 illos
1117 3697 1257 3749 interesse
1286 3711 1372 3761 repe-

277 3792 374 3857 riatur,
394 3808 489 3858 neque
508 3791 530 3844 si
551 3809 596 3844 res
615 3793 742 3855 metrica,
763 3808 850 3858 quam
869 3792 991 3858 quisque
1009 3791 1109 3843 videre
1135 3797 1247 3856 potest,
1277 3804 1372 3854 neque

277 3884 300 3936 si
319 3883 461 3937 sententia
479 3890 633 3949 spectetur,
654 3890 686 3935 ut
705 3883 761 3935 alio
780 3883 845 3934 loco
864 3882 1135 3934 demonstrabimus.
1156 3881 1194 3932 V.
1216 3897 1243 3946 p.
1258 3883 1291 3945 35
1305 3895 1370 3945 sqq.

277 3979 363 4043 Quod
382 3979 406 4030 si
424 3995 563 4044 negamus
583 3978 740 4031 versiculos
759 3993 860 4030 omnes
879 3977 985 4030 liberos
1004 3993 1066 4029 esse
1086 3983 1115 4028 et
1134 3975 1256 4038 solutOS,
1275 3980 1307 4025 ut
1326 3973 1373 4024 in-

277 4072 429 4139 tellegatur
447 4072 595 4140 quomodo
615 4073 722 4124 sactum
741 4072 778 4124 sit
797 4079 828 4124 ut
847 4072 912 4139 plus
931 4087 1019 4138 quam
1038 4078 1182 4124 trecentos
1200 4085 1299 4124 versus
1319 4085 1374 4122 ne-
