3384 5212
852 494 993 544 ψ-

465 627 563 706 Quod
580 626 621 687 ad
637 625 887 704 discrepantiam
913 623 1055 703 pertinet
1071 622 1153 683 inter
1175 621 1290 682 Culr'crr
1309 620 1475 681 materiam

375 750 407 799 et
430 746 541 808 artem,
566 737 889 798 animadvertendum
915 748 964 798 est
988 736 1168 816 Vergilium
1186 734 1379 796 institutum
1407 757 1478 797 esse

375 849 416 909 ab
440 847 670 910 Alexandrinis
703 847 874 926 magistris,
899 866 1039 925 quorum
1067 856 1152 907 esset
1174 845 1320 906 inflatum
1345 857 1401 906 aut
1425 847 1478 908 de-

375 959 595 1020 clamatorium
613 979 725 1038 genus.
745 959 842 1038 Quod
866 958 892 1019 si
917 968 1012 1038 poeta
1036 958 1150 1040 serius,
1167 979 1278 1020 eorum
1299 961 1477 1039 praeceptis

375 1073 503 1152 relictis,
528 1094 605 1134 usus
628 1084 677 1134 est
700 1093 823 1153 genere
847 1072 975 1133 dicendi
1012 1083 1077 1133 tam
1113 1071 1265 1143 dilucido,
1291 1083 1356 1132 tam
1390 1073 1478 1135 nudo

375 1197 407 1247 et
431 1198 526 1257 recto,
553 1197 588 1246 ut
612 1184 667 1245 vix
703 1205 775 1245 cum
810 1183 976 1244 Culiciana
1016 1182 1161 1245 oratione
1194 1183 1329 1245 conferri
1365 1185 1476 1263 possit,

377 1299 457 1359 nihil
480 1299 568 1360 aliud
593 1298 675 1371 fecit,
702 1297 763 1359 nisi
787 1298 875 1376 quod
892 1309 941 1358 est
955 1297 1104 1358 virorum
1129 1296 1298 1368 clarorunn
1322 1297 1388 1377 qui,
1416 1320 1479 1359 ma·

376 1426 442 1485 gno
478 1406 609 1485 ingenio
633 1417 747 1467 natura
776 1406 923 1485 praediti,
947 1407 1105 1467 bonarum
1141 1405 1259 1467 artium
1295 1405 1474 1484 disciplinis

376 1517 494 1579 sensim
518 1518 719 1589 excoluntur,
745 1516 900 1578 iudicium
924 1528 1056 1590 acuunt,
1073 1518 1115 1578 ad
1132 1538 1258 1579 summa
1274 1528 1307 1578 et
1331 1517 1363 1577 in
1388 1517 1476 1579 omni

375 1649 492 1709 genere
516 1628 654 1705 perfecta
677 1640 709 1690 et
733 1628 908 1690 intendunt
930 1640 963 1690 et
987 1629 1188 1708 perveniunt.

464 1741 540 1803 Veri
564 1741 669 1804 simile
694 1742 793 1822 igitur
810 1743 902 1804 nobis
922 1743 1060 1813 videtur,
1086 1741 1267 1822 Vergilium
1292 1741 1478 1803 adulescen-

376 1856 496 1930 tulum,
523 1878 623 1936 paene
647 1878 686 1918 ex
711 1856 1007 1918 Alexandrinorum
1043 1856 1161 1918 scholis
1195 1876 1384 1936 egressum,
1412 1877 1476 1916 non

352 1967 478 2027 solum
504 1966 536 2027 in
560 1967 592 2028 vi
616 1978 648 2028 et
673 1967 804 2029 notione
839 1969 1012 2030 verborum
1052 1968 1215 2029 interdum
1244 1965 1399 2027 erravisse
1420 1976 1477 2026 aut

374 2075 462 2137 salsis
486 2097 579 2137 usum
597 2098 666 2138 esse
683 2077 911 2148 locutionibus;
930 2077 987 2138 sed
1003 2077 1103 2138 etiam
1129 2098 1269 2148 carmen,
1293 2075 1476 2156 argumenti

376 2184 601 2263 magnitudine
624 2207 745 2258 carens
762 2185 907 2247 versibus
932 2185 1034 2248 nimio
1061 2187 1170 2247 labore
1185 2196 1218 2247 et
1232 2196 1301 2246 arte
1316 2184 1475 2263 expolitis

377 2305 412 2354 ut
436 2294 479 2355 ita
503 2295 618 2368 dicam,
644 2296 824 2362 induxisse.

465 2407 579 2484 Neque
615 2407 889 2485 praetereundum
919 2419 987 2480 est,
1012 2407 1148 2488 aliquod
1180 2406 1316 2487 Vergilii
1353 2417 1475 2468 certum

376 2537 515 2597 carmen,
540 2517 673 2578 omnino
709 2519 770 2580 hoe
804 2518 883 2580 vitio
907 2518 1053 2580 immune
1078 2540 1142 2579 non
1172 2537 1251 2588 esse;
1276 2516 1375 2596 quod,
1400 2536 1478 2594 quo-

390 2629 475 2689 niam
499 2629 553 2690 alii
578 2631 640 2692 iam
665 2643 906 2710 perspexerunt,
932 2631 983 2693 hie
1007 2652 1071 2693 non
1095 2631 1262 2692 ostendam
1287 2632 1346 2710 (tl.

375 2796 380 2817 ι
467 2740 512 2803 Si
547 2742 602 2821 qui
638 2754 744 2804 autem
776 2742 962 2821 (Hauptius,
988 2740 1116 2812 Bittius,
1143 2740 1336 2818 Baurius....)
1365 2737 1479 2799 Culicis
1506 2727 1509 2731 ’

384 2875 487 2934 genus
511 2854 670 2916 scribendi
695 2856 791 2935 longe
814 2855 954 2916 alienum
979 2877 997 2916 a
1021 2852 1166 2933 Vergilio
1194 2851 1390 2921 existimant,
1411 2870 1478 2910 om-

383 2963 460 3023 nino
492 2983 556 3022 non
588 2961 705 3022 desunt
735 2960 916 3040 (Scaliger,
949 2960 1114 3031 Naekius‚
1148 2956 1475 3036 Hildebrandtius....)

383 3076 439 3156 qui
476 3076 558 3136 hanc
593 3073 841 3151 discrepantiam
878 3093 942 3133 non
977 3072 1118 3136 videant.
1154 3068 1404 3134 Hildebrandtio
1433 3079 1477 3128 ta-

376 3207 459 3256 men,
485 3185 581 3245 modo
604 3184 798 3262 persimilem
823 3185 920 3246 modo
943 3184 1131 3247 dissimilem
1155 3208 1173 3246 a
1193 3183 1379 3264 Vergiliana
1408 3202 1475 3242 ora·

378 3295 449 3357 ione
479 3297 611 3358 Culicem
635 3295 843 3374 existimanti,
868 3316 931 3355 non
955 3315 1082 3373 semper
1104 3292 1314 3355 adsentimur.

378 3933 538 3942 ..-..---

450 4027 490 4095 (1)
509 4028 545 4078 V.
568 4027 745 4079 Cauarum.
767 4016 860 4077 Etude
877 4025 981 4078 surlet
994 4020 1164 4087 Bucoliques
1176 4019 1210 4071 de
1230 4016 1347 4085 Virgile.
1370 4014 1470 4084 (Paris,

382 4126 460 4190 1897;
480 4139 509 4190 r·
530 4135 564 4188 47
584 4125 671 4189 sqq-J·
