3384 5212
774 516 914 570 ..42-

296 652 438 714 carmina
460 653 567 733 legere
592 652 624 712 in
648 651 886 730 exemplaribus
909 672 948 712 ex
973 651 1011 712 iis
1035 649 1159 721 ductis,
1190 670 1273 729 quae
1297 656 1392 727 poeta

296 763 406 836 vivus,
432 775 468 825 ut
491 763 587 826 etiam
612 776 680 825 tum
707 784 776 824 mos
798 774 884 847 erat,
911 763 978 824 suis
1001 761 1112 824 amicis
1136 760 1273 842 legenda
1296 761 1392 822 tradi-

296 875 406 941 disset.

385 984 451 1045 Cur
475 983 592 1045 mirum
609 996 657 1046 est
668 984 765 1046 etiam
790 982 981 1063 Vergilium,
1005 981 1138 1062 aliquod
1162 980 1390 1042 Lucretianum

295 1089 460 1167 exemplar
483 1089 645 1151 invenisse
667 1100 699 1151 et
723 1089 883 1150 imitatum
908 1090 1002 1150 esse?
1026 1088 1212 1167 praesertim
1237 1109 1310 1149 cum
1327 1087 1393 1148 ani·

296 1198 533 1271 madvertatur‚
566 1200 655 1278 quod
678 1200 720 1260 ad
744 1199 956 1261 imitationem
988 1199 1119 1271 attinet,
1156 1220 1254 1278 quam
1291 1199 1392 1259 multa

296 1308 364 1386 ipse
391 1332 409 1369 a
438 1311 588 1372 Lucretio
619 1312 793 1391 sumpserit
823 1313 920 1374 etiam
954 1313 986 1373 in
1018 1312 1249 1392 posterioribus
1280 1311 1392 1373 carmi·

296 1422 392 1484 nibus
416 1429 427 1505 l
451 1426 471 1503 ).

387 1534 483 1594 Nunc
506 1534 547 1594 ad
572 1533 651 1595 illud
676 1534 781 1607 venio,
805 1535 894 1614 quod
918 1535 958 1596 de
982 1547 1146 1614 pastorum
1179 1533 1264 1596 curis
1288 1533 1319 1593 in
1344 1554 1392 1594 ca·

300 1665 373 1722 pras
398 1645 667 1709 Hildebrandtius
690 1647 854 1728 cogitavit.
887 1647 952 1727 Qui
977 1668 1050 1708 curn
1079 1645 1298 1708 testimonium
1324 1665 1396 1723 pro-

296 1757 421 1820 tulisset
455 1760 591 1838 pastoris
626 1761 794 1822 cuiusdam
831 1764 875 1839 (p.
912 1764 968 1840 49)
1004 1760 1153 1822 miseram
1190 1742 1390 1820 Baeticorum

296 1884 460 1951 pastorum
484 1873 584 1935 vitam
610 1869 778 1946 narrantis,
803 1873 1043 1953 invenissetque
1067 1873 1099 1933 in
1129 1873 1292 1950 Georgicis
1316 1892 1394 1932 non-

297 1984 402 2045 nullos
425 2005 538 2046 versus
561 1986 629 2064 (III,
655 2005 717 2062 32²
742 1987 836 2066 sqq.)‚
861 1986 980 2066 quibus
1010 1985 1175 2065 Vergilius
1198 1983 1392 2045 ostendisset

296 2112 379 2171 quae
402 2112 497 2152 curae
521 2093 553 2152 in
578 2093 682 2171 capris
694 2093 819 2154 alendis
836 2105 979 2172 pastores
996 2115 1115 2173 ponere
1131 2095 1294 2165 deberent,
1312 2093 1390 2165 risit,

296 2203 385 2281 quod
409 2203 442 2263 in
472 2204 574 2265 Colice
597 2206 680 2266 ruris
704 2205 815 2266 laudes
839 2217 1039 2279 canerentur,
1068 2207 1257 2286 censuitque
1280 2225 1392 2267 versus

298 2321 394 2391 58-92
420 2316 509 2378 nullo
534 2318 631 2379 modo
654 2340 723 2383 esse
747 2321 893 2400 Vergilio
916 2321 1160 2382 adiudicandos.

385 2429 449 2488 Sed
475 2428 502 2489 is
525 2441 610 2491 certe
634 2453 698 2493 non
723 2432 815 2505 vidit,
840 2433 918 2512 quid
948 2433 1111 2513 Vergilius
1143 2433 1211 2512 ipse
1242 2431 1393 2493 sensisset

296 2539 337 2599 de
360 2540 464 2618 capris
488 2542 619 2623 (Georg.
646 2544 691 2605 ΙΙΙ
716 2551 779 2621 316
803 2547 896 2626 sqqlz
958 2633 960 2637 ἲ

385 2762 489 2840 Atque
511 2765 589 2843 ipsa,
615 2784 763 2824 memores
785 2766 916 2825 redeunt
937 2767 971 2825 in
994 2771 1070 2826 tecla
1084 2784 1214 2844 suosque

385 2874 510 2946 ducunt,
535 2885 567 2934 et
590 2874 726 2953 gravido
749 2862 903 2954 superant
926 2876 980 2937 vix
1005 2877 1102 2937 ubere
1126 2876 1234 2937 limen.

386 3005 464 3064 ergo
488 2985 576 3046 omni
601 2986 709 3047 studio
733 2986 867 3065 glaciem
881 2998 1060 3067 ventosque
1077 2987 1209 3065 nivales

385 3117 445 3173 quo
461 3101 567 3158 rninus
581 3100 706 3158 catillis
720 3120 812 3160 curae
828 3099 972 3160 mortalis
987 3110 1122 3179 egestas,

385 3197 562 3269 avertes..}.

297 3447 401 3507 neque
425 3427 549 3488 diffisus
572 3440 621 3489 est
644 3430 685 3490 de
709 3441 854 3508 pastore,
886 3453 963 3497 suae
987 3431 1088 3511 ipsius
1114 3433 1199 3495 vitae
1230 3434 1390 3497 miseriam

296 3550 473 3619 querente;
497 3551 528 3600 et
553 3552 659 3602 tamen
684 3563 749 3602 non
778 3531 958 3623 ignorabat*
979 3544 1059 3606 illud
1090 3546 1335 3627 Vergilianum:
1361 3548 1391 3608 Ο

368 3911 406 3970 (1)
428 3907 470 3959 Cs.
494 3908 567 3960 Gell.
591 3907 612 3972 I,
635 3926 678 3973 21,
701 3924 736 3974 7:
761 3926 843 3961 «nou
864 3910 952 3963 verba
972 3910 1034 3963 sola
1047 3913 1105 3964 sed'
1118 3930 1217 3966 versus
1237 3931 1328 3982 prope
1347 3921 1390 3967 to·
1470 3978 1473 3989 Ι

297 4005 342 4050 tos
361 4008 390 4051 et
409 4002 488 4052 locos
507 4018 623 4067 quoque
652 4004 776 4055 Lucretii
806 4004 946 4068 plurimos
964 4014 1110 4059 sectatum
1139 4024 1201 4060 esse
1229 4010 1391 4076 Vergilium

296 4094 472 4146 videmus».
