3384 5212
761 449 902 520 ..31-

376 613 469 692 Quae
491 622 602 674 contra
625 612 683 674 has
707 612 928 675 conclusiones
952 613 1036 675 obici
1060 624 1205 692 possunt,
1219 624 1312 675 acute
1327 612 1379 675 de·

287 721 477 783 monstravit
501 723 524 787 l.
549 721 659 784 Girius
683 724 728 803 (1)
751 723 801 783 vir
817 722 925 784 latinis
941 721 1055 783 litteris
1080 720 1294 783 doctissimus.
1313 719 1378 800 Qui

286 834 418 914 quidem
443 836 485 896 ad
509 856 619 897 eorum
644 837 836 898 sententiam
861 836 968 916 potius
981 835 1123 907 accessit,
1148 835 1204 914 qui
1234 834 1378 906 Culicem,

285 966 358 1007 cum
382 943 527 1025 Vergilio
551 965 616 1006 non
641 945 793 1017 tribuant,
819 956 926 1006 tamen
950 956 1123 1024 antequam
1138 946 1288 1006 Lucanus
1312 945 1381 1006 Sta-

286 1053 350 1115 tius
373 1052 530 1114 Martialis
555 1053 686 1132 ingenio
709 1054 868 1126 florerent,
893 1053 1047 1133 scriptum
1072 1075 1141 1115 esse
1164 1064 1289 1132 putant.

374 1164 420 1224 At
442 1161 609 1224 excelsitas
632 1161 731 1223 animi
744 1173 777 1224 et
789 1161 981 1241 magnitudo
1004 1161 1099 1232 illius,
1124 1181 1221 1240 quem
1245 1161 1378 1240 quidem

286 1293 449 1334 summum
473 1271 695 1332 existimamus
726 1270 927 1351 magistrum,
960 1270 1115 1332 concedat
1138 1282 1174 1332 ut
1196 1271 1289 1333 aliter
1311 1292 1380 1332 sen-

286 1383 413 1455 tiamus
438 1394 470 1444 et
492 1404 511 1444 a
534 1382 679 1463 Vergilio
709 1382 843 1444 Culicem
867 1382 1022 1461 scriptum
1047 1394 1208 1461 putemus.
1233 1385 1378 1466 Vergilio

286 1494 478 1556 enim-ut
499 1495 558 1575 qui
590 1495 767 1557 Cremonae
792 1506 827 1556 et
854 1495 1031 1557 Mediolani
1061 1497 1186 1577 graecis
1217 1499 1379 1578 magistris

285 1627 362 1668 usus
385 1618 477 1679 esset,
502 1605 560 1685 qul
583 1607 725 1668 Philetae
747 1607 865 1687 scripta
888 1608 929 1669 de
954 1607 1077 1669 miseris
1109 1609 1292 1683 amoribus,
1319 1613 1380 1671 Eu-

286 1719 470 1799 phorionis,
506 1719 690 1799 Apollonii,
723 1721 898 1781 multorum
930 1720 1020 1799 epica
1052 1720 1194 1781 carmina
1224 1721 1380 1783 tabularia

285 1832 417 1893 fortasse
440 1831 660 1912 cognovisset,
693 1831 815 1911 quique
840 1851 958 1910 magno
983 1831 1114 1910 ingenio
1138 1831 1303 1910 praeditus
1328 1853 1381 1894 na-

287 1957 358 2007 tura
381 1956 465 2007 esset
477 1982 520 1990 --
531 1945 622 2007 facile
649 1955 718 2006 erat
747 1945 880 2016 fabulas,
911 1945 1037 2016 inferos,
1066 1944 1266 2015 Acherunta,
1292 1943 1381 2005 Phle-

284 2057 494 2138 gethontem,
526 2056 676 2138 quamvis
700 2077 878 2137 numquam
914 2056 1107 2135 Thesprotia
1142 2055 1210 2117 loca
1244 2055 1379 2119 vidisset

289 2173 408 2258 (neque
436 2169 571 2230 sortasse
599 2169 697 2249 vidit)
726 2169 820 2248 quasi
848 2179 923 2230 ante
946 2168 1057 2229 oculos
1080 2166 1226 2228 versibus
1251 2187 1379 2245 ponere.

288 2279 386 2359 Quod
409 2291 516 2341 autem
542 2279 674 2341 Ellisius
697 2279 824 2361 attulit,
848 2279 882 2339 id
906 2279 971 2340 veri
997 2278 1102 2341 simile
1134 2288 1279 2349 tantum,
1311 2297 1376 2339 non

286 2415 398 2456 verum
423 2406 492 2466 est;
517 2415 621 2475 neque
650 2394 750 2455 ullum
776 2395 932 2456 habemus
955 2392 1183 2473 gravissimum
1208 2413 1377 2473 argumen-

286 2515 365 2587 tum,
388 2524 454 2584 quo
478 2503 653 2584 Cichyrum
685 2503 819 2583 eiusque
842 2504 971 2588 δρυμὸν
995 2503 1132 2567 fideliter
1156 2503 1188 2563 in
1219 2503 1320 2565 Colice
1344 2503 1378 2563 il-

286 2613 425 2694 lustrari,
448 2614 611 2675 adfirmari
636 2613 745 2693 possit.

377 2721 466 2801 Quid
490 2733 597 2783 autem
623 2721 663 2782 de
687 2721 824 2783 Octavio
847 2742 947 2800 puero
982 2722 1174 2796 sentiremus
1198 2723 1261 2784 iam
1285 2744 1382 2802 supra

287 2831 431 2895 diximus
444 2833 485 2894 ad
498 2854 529 2912 p.
551 2852 655 2910 13·14.
682 2832 832 2912 Denique
845 2854 882 2894 eo
896 2831 1000 2912 magis
1024 2844 1166 2895 nostram
1191 2835 1382 2896 sententiam

289 2953 447 3016 tenemus,
470 2944 569 3024 quod,
595 2944 633 3006 iis
648 2924 808 3005 'omnibus
831 2944 981 3022 expensis
1003 2965 1087 3023 quae
1109 2943 1219 3006 Girius
1243 2944 1384 3024 complu-

289 3049 379 3111 ribus
403 3049 568 3110 Ellisianis
591 3049 784 3112 coniecturis
813 3049 975 3128 opposuit,
1001 3050 1055 3111 illa
1078 3052 1303 3115 tantummodo
1327 3051 1384 3112 nii-

290 3182 351 3224 nus
370 3162 486 3242 gravia
512 3161 704 3235 invenimus
729 3183 814 3242 quae
835 3162 956 3242 opponi
981 3163 1115 3242 possint,
1140 3162 1167 3224 si
1193 3163 1293 3224 Culex
1308 3166 1384 3225 Ver·

288 3272 367 3353 gilio
390 3273 604 3335 adiudicetur.

379 3385 486 3464 Quam
512 3407 589 3458 rem,
608 3407 647 3447 ne
670 3386 766 3466 longe
789 3386 921 3459 abirem,
938 3388 1222 3449 demonstrandam
1248 3407 1312 3448 non
1328 3408 1385 3466 pu·
1475 3399 1477 3403 “

289 3495 365 3579 tavi3
383 3496 483 3577 siqui
501 3509 609 3559 tamen
626 3497 735 3570 velint,
752 3498 884 3559 videant
900 3500 980 3560 Girii
1006 3501 1268 3579 disputationem,
1286 3522 1384 3580 quam

289 3629 386 3689 supra
411 3610 551 3676 laudavi.

290 3814 451 3828 —u—

361 3933 401 4005 (1)
420 3935 457 3987 V.
481 3932 620 3987 Classical
635 3933 760 3988 Reviezo.
783 3936 850 3999 1897
870 3950 898 4000 p.
923 3948 976 3999 1-7.
993 3934 1141 3987 Praeterea
1163 3952 1178 3984 «
1192 3934 1339 3999 Rassegna
1354 3932 1387 3987 di

290 4027 427 4082 antichitd
446 4027 590 4082 classica»
611 4029 699 4082 Parte
717 4025 831 4094 bibliog.
855 4027 985 4081 Palermo
1007 4030 1085 4094 1897.
