3384 5212
727 446 869 524 τιὸ-

251 584 441 687 plerumque
465 603 550 668 idem
573 625 643 668 esse
665 617 764 686 atque
787 627 961 680 caesuram,
987 606 1149 669 neminem
1166 617 1246 685 puto
1261 627 1341 678 esse,

250 716 306 796 qui
330 727 436 795 neget.

341 832 490 911 Longum
502 842 552 892 est
563 830 625 892 hoc
636 830 706 893 loco
722 841 826 893 totum
841 831 1170 895 Hildebrandtianum
1200 832 1344 904 Culicem,

253 956 289 1006 ut
313 944 357 1006 ita
379 944 495 1017 dicam,
510 944 658 1024 persequi
674 965 681 1017 ;
705 965 804 1024 quam
820 946 862 1008 ob
876 966 942 1007 rem
956 946 1060 1026 prima
1073 958 1198 1010 tantum
1213 947 1345 1026 stropha

252 1053 422 1125 adteretur,
448 1064 484 1114 ut
506 1053 567 1114 hoc
589 1065 762 1133 appareat:
789 1053 869 1115 nihil
896 1054 1097 1134 plerumque,
1123 1066 1159 1117 ut
1183 1054 1214 1115 in
1240 1073 1344 1126 versu,

253 1186 349 1245 quem
372 1184 470 1243 supra
493 1164 777 1238 consideravimus,
803 1164 836 1226 in
866 1165 969 1228 Culice
992 1165 1146 1228 interesse
1173 1165 1258 1228 inter
1280 1185 1347 1226 cae

253 1294 360 1336 suram
384 1285 417 1336 et
440 1272 654 1338 intervallum.
719 1293 721 1298 ·

321 1491 466 1570 Propulit
489 1512 506 1553 e
529 1491 664 1553 stabulis
684 1488 689 1577 Ι
710 1491 752 1552 ad
776 1492 893 1570 pabula
917 1491 999 1554 laeta
1022 1493 1161 1571 capellas

322 1605 433 1665 Pastor
455 1614 488 1664 et
510 1602 625 1665 excelsi
651 1600 796 1688 montisi
818 1604 894 1685 iuga
917 1626 1044 1666 summa
1068 1605 1191 1684 petivit,

324 1715 445 1776 Lurida
469 1736 533 1795 qua
557 1715 710 1797 patulos!
731 1715 882 1778 velabant
904 1717 1051 1796 gramina
1074 1717 1181 1782 colles

323 1828 388 1888 Iam
413 1826 503 1888 silvis
527 1826 700 1906 dumisque
722 1835 841 1899 vacant,
864 1825 869 1912 l
891 1828 952 1889 iam
978 1828 1117 1889 vallibus
1140 1829 1266 1891 abdunt

322 1936 475 2015 Corpora,
500 1936 628 2015 iamque
651 1936 739 1998 omni
763 1936 881 1999 celeres
901 1934 906 2020 1
926 1958 944 1998 e
967 1948 1057 2015 parte
1073 1949 1228 2018 vagantes

323 2045 465 2124 Scrupea
487 2044 630 2106 desertas
651 2041 655 2130 Ι
677 2044 853 2105 haerebant
875 2044 917 2105 ad
942 2066 1019 2106 cava
1043 2065 1160 2124 rupes:

326 2156 469 2218 Pendula
492 2156 642 2235 proiectis
666 2145 866 2236 carpuntur!
887 2167 919 2218 et
941 2158 1056 2218 arbuta
1080 2158 1177 2220 ramis

325 2269 498 2347 Densaque
522 2267 670 2348 virgultis
691 2271 696 2348 l
717 2268 812 2329 avide
835 2269 982 2330 labrusca
1005 2280 1170 2348 petuntur.

325 2381 414 2441 Haec
437 2400 593 2458 suspensa
617 2379 700 2458 rapit
720 2379 724 2454 Ι
746 2382 896 2441 lambente
919 2382 1085 2443 cacumina
1111 2403 1217 2444 morsu

326 2489 385 2551 Vel
408 2489 514 2550 salicis
537 2489 642 2550 lentae
662 2489 666 2574 1
687 2491 737 2550 vel
762 2511 845 2568 quae
870 2511 953 2552 nova
977 2490 1119 2552 nascitur
1141 2492 1244 2564 alnus

326 2601 416 2662 Haec
440 2612 564 2661 teneras
587 2599 737 2661 fruticum
759 2599 891 2682 {sentes
915 2600 1059 2671 rimatur,
1084 2613 1117 2662 at
1140 2601 1193 2662 illa
1215 2604 1263 2681 (1)

326 2713 475 2775 Imminet
500 2712 619 2792 inrigui
640 2713 824 2795 {prestanti
844 2715 1004 2791 marginis
1027 2713 1137 2777 rendae.

262 2991 421 3000 m

261 3082 428 3147 invenerat,
457 3087 490 3135 ut
513 3080 592 3133 «Cui
612 3096 670 3133 non
690 3079 784 3133 dictus
804 3080 896 3145 Hylas
912 3079 916 3148 Ι
932 3095 1004 3145 puer
1016 3079 1029 3148 ΙΙ
1041 3087 1070 3132 et
1095 3079 1216 3132 Latonia
1239 3079 1353 3132 Delos»

262 3175 379 3245 (Georg.
402 3175 454 3239 ΙΙΙ,
475 3174 513 3244 6).
534 3176 670 3227 Ceterum
691 3174 769 3240 quod
788 3173 891 3227 attinet
910 3172 948 3225 ad
958 3173 1139 3226 intervallum
1164 3180 1225 3226 tum
1245 3171 1355 3225 minimi

262 3278 305 3324 est
323 3268 483 3334 momenti,
509 3285 575 3322 cum
597 3258 656 3321 non
675 3285 789 3335 semper
811 3285 870 3321 uno
889 3267 1053 3334 eodemque
1072 3268 1136 3321 loco
1154 3268 1225 3320 haec
1244 3267 1357 3332 cogita-

262 3362 349 3416 tionis
367 3360 449 3428 quies
468 3359 589 3414 inveniri
612 3367 718 3426 potest.
739 3359 922 3413 Versiculum
950 3358 1047 3424 enim,
1068 3375 1156 3426 quern
1184 3375 1271 3424 supra
1299 3375 1357 3410 me-

262 3457 447 3522 moravimus,
467 3458 491 3510 si
510 3455 671 3509 audiendus
690 3462 735 3509 est
754 3456 957 3507 Muscnsnrus
971 3453 1030 3526 (De
1039 3471 1071 3507 re
1081 3458 1163 3507 metr.
1181 3457 1271 3520 poelt.
1293 3455 1355 3505 latr.

263 3563 291 3612 p.
314 3549 362 3599 182
383 3546 468 3616 sem),
488 3545 538 3612 qui
558 3545 733 3597 existimavit
746 3560 847 3596 versus
860 3542 901 3613 (id
912 3550 955 3595 est
966 3541 1060 3613 pedis)
1071 3543 1229 3594 sectionem
1243 3556 1359 3606 semper

262 3637 417 3690 locutionis
435 3636 554 3690 sectioni
573 3651 638 3688 esse
648 3634 891 3700 anteponendam,
905 3649 959 3685 nos
972 3633 1053 3685 aliter
1063 3632 1187 3698 legimus
1197 3640 1284 3696 atque
1297 3632 1358 3698 opi-

263 3734 347 3780 natus
366 3734 411 3779 est
430 3728 729 3779 Hruoennnunrrus:
752 3722 834 3775 «Cui
853 3739 911 3774 non
932 3721 1025 3773 dictus
1037 3721 1119 3772 Hilas
1135 3722 1140 3784 Ι
1157 3735 1227 3785 puer
1241 3727 1269 3771 et
1286 3720 1290 3788 l
1308 3720 1359 3771 La-

265 3815 344 3868 tonia
363 3815 490 3867 Delos».

335 3907 375 3980 (Ι)
395 3908 452 3960 Hic
471 3924 545 3961 unus
565 3925 600 3960 ex
619 3908 774 3961 duodecim
793 3906 940 3959 versiculis
959 3920 1107 3958 caesuram
1127 3902 1246 3969 praebet
1265 3901 1357 3954 inter-

265 3998 341 4054 vallo
360 3997 539 4054 dissimilem.
