3384 5212
822 1343 864 1407 ΙΙ.

378 1566 413 1627 In
438 1549 622 1627 Donatiana
644 1564 712 1625 vita
735 1563 881 1643 Vergilii,
906 1563 976 1624 loco
1000 1562 1141 1642 quodam
1166 1561 1321 1640 scriptum
1346 1558 1391 1627 vl·

297 1678 433 1739 demus:
460 1679 568 1740 deinde
593 1677 689 1758 (fecit)
703 1679 866 1738 catalecton
889 1682 920 1737 el
934 1679 1084 1764 priapeia
1106 1682 1137 1736 el
1159 1678 1392 1764 epigrammata

275 1798 276 1801 ’
296 1797 327 1851 et
348 1793 450 1860 diras·
473 1794 547 1851 item
569 1792 693 1852 culicem
716 1811 786 1851 cum
809 1795 885 1857 esset
905 1809 1063 1850 annorum
1078 1789 1173 1853 XVI.
1189 1789 1236 1867 (1)
1251 1787 1316 1853 Sed
1331 1786 1392 1865 pri·

298 1924 370 1970 mus
394 1902 582 1975 Oudinius,
606 1907 655 1983 (2)
690 1902 808 1964 deinde
830 1902 1028 1983 complureS,
1053 1923 1126 1963 eum
1151 1900 1210 1963 hos
1234 1900 1328 1963 Statii
1352 1900 1393 1962 dc

300 2013 431 2073 Lucano
454 2011 629 2077 versiculos
651 2011 976 2074 animadvertissent:
1001 2013 1046 2095 (3)

523 2231 595 2292 haec
617 2230 838 2311 (Pharsaliam)
856 2235 966 2319 primo
989 2234 1111 2296 iuvenis
1132 2253 1221 2293 canes
1242 2233 1299 2301 sub
1320 2252 1394 2294 aevo

440 2376 442 2380 Α
521 2349 594 2404 ante
614 2363 713 2406 annos
734 2345 839 2407 culz‘cb
861 2347 1051 2416 marciniani,

301 2565 415 2625 XXVI
438 2583 503 2624 non
526 2563 606 2624 XVI
629 2562 717 2642 apud
745 2583 818 2623 eum
848 2562 1094 2642 grammaticum
1122 2564 1295 2644 legendum
1326 2584 1395 2625 esse

301 2675 485 2738 coniectura
508 2675 645 2737 assecuti
670 2685 755 2736 sunt.
774 2674 872 2753 Quod
898 2673 1018 2735 nemini
1036 2674 1235 2760 probabitur,
1250 2674 1307 2754 qui
1324 2695 1397 2741 con·

302 2785 491 2849 sideraverit
513 2797 672 2866 quantum
689 2785 815 2847 intersit
840 2784 923 2853 inter
944 2785 1077 2853 Culicem
1093 2797 1125 2847 et
1140 2787 1295 2858 Bucolica,
1313 2806 1396 2873 quae

303 2898 420 2960 mirum
446 2897 478 2958 in
503 2898 658 2969 modum,
694 2896 720 2957 si
745 2916 795 2957 res
820 2896 864 2956 ita
888 2917 922 2962 se
945 2895 1096 2968 haberet,
1132 2894 1300 2981 perpaucis
1323 2906 1396 2978 post

302 3009 396 3073 annis
420 3009 599 3088 scripsisset
621 3007 795 3088 Vergilius,
819 3008 909 3070 velut
935 3028 1057 3068 annum
1084 3028 1184 3088 agens
1218 3006 1397 3070 undetrice-

301 3124 419 3187 simum
443 3123 500 3204 (4).

372 3469 413 3542 (r)
432 3471 598 3534 scurrone,
619 3469 778 3534 ulturus,
800 3469 1016 3532 reuersurus,
1044 3469 1204 3534 Hrvruus,
1235 3469 1394 3535 Lupenii,

192 3586 195 3591 ·
304 3563 584 3622 Hunrmunuus
603 3562 670 3620 huie
688 3561 753 3639 testi
774 3562 840 3629 plus
858 3562 990 3615 minusve
1009 3560 1097 3614 tidem
1116 3561 1286 3615 tribuerunt.

375 3654 415 3726 (α)
433 3653 601 3721 Disputatio
616 3653 651 3709 de
672 3653 766 3708 eutice
791 3651 957 3718 Vergiliano
976 3650 1017 3722 (iu
1036 3652 1120 3706 Mire.
1144 3653 1222 3706 Obss.
1235 3654 1310 3707 m‘tt
1331 3670 1395 3706 nov.

305 3750 391 3804 Paris.
412 3752 491 3803 1820.
511 3754 532 3801 t.
554 3747 606 3800 lV.
627 3763 657 3812 p.
678 3746 754 3818 307.)

376 3839 415 3911 (s)
432 3839 506 3899 silv.
527 3840 564 3893 11.
587 3853 612 3904 7·
634 3852 727 3904 7³·74·

376 3934 415 4006 (4)
436 3935 502 3987 Hoc
529 3932 648 4000 quidem
676 3938 804 3989 senserat
824 3932 1022 3995 Rusucmus,
1043 3929 1072 3983 in
1091 3930 1188 3997 priore
1206 3929 1335 3989 editione
1360 3930 1397 3983 de

304 4027 426 4097 Vergilii
445 4026 620 4082 carminibus
640 4025 651 4098 (
667 4041 851 4094 «numquam
870 4024 991 4079 cred0...
1011 4041 1177 4093 poema...
1197 4023 1328 4083 eiusdem
1347 4023 1398 4077 ho·
