3384 5212
776 490 916 541 „26-

386 637 483 715 Quod
516 637 542 698 si
566 638 641 720 quis
668 650 881 716 «penetrarat
892 665 910 699 ›>
937 639 1043 718 legere
1066 639 1153 720 velit,
1179 639 1263 700 idem
1288 659 1393 699 exem-

299 749 389 828 plum
415 771 480 811 non
506 750 639 812 minoris
661 751 782 813 valebit
805 763 841 814 ut
864 752 924 813 hoc
947 751 1204 812 demonstretur:
1232 771 1296 811 non
1320 749 1394 811 alie·

298 879 373 919 nam
398 879 468 920 esse
491 881 509 920 a
533 859 679 938 Vergilio
702 859 851 930 duorum,
875 879 959 938 quae
983 859 1015 920 in
1040 880 1146 920 rerum
1168 870 1282 920 natura
1306 869 1391 930 sunt,
1487 862 1490 868 ’

298 968 512 1033 inversionem
536 973 591 1050 (Ι).
1391 962 1398 976 ’

388 1083 616 1162 Transgressio
629 1095 749 1155 autem,
766 1104 849 1162 quae
871 1095 920 1146 est
944 1084 976 1145 in
992 1084 1151 1146 versiculo
1168 1105 1220 1162 44,
1244 1106 1394 1164 quaeque

299 1193 585 1256 Hildebrandtium
620 1195 828 1257 vehementer
861 1196 1004 1268 offendit,
1030 1197 1123 1258 nobis
1150 1217 1214 1257 non
1240 1196 1319 1256 mira
1350 1196 1394 1257 vi-

297 1300 402 1374 detur,
419 1314 476 1363 aut
499 1315 584 1365 certe
606 1303 740 1365 hicnon
765 1304 868 1384 magis
885 1305 965 1365 mira
988 1327 1086 1384 quam
1110 1305 1143 1366 in
1167 1305 1325 1366 versiculo
1341 1323 1391 1382 52:

298 1414 335 1476 In
359 1438 425 1496 quo
448 1417 591 1497 quidem,
616 1440 690 1480 cum
714 1418 851 1480 similem
877 1419 965 1480 Hild.
991 1419 1166 1481 invenisset
1188 1417 1394 1498 trangressio·

299 1551 384 1602 nem,
402 1541 527 1592 tanturn
551 1532 632 1593 afuit
655 1543 691 1593 ut
713 1553 750 1594 ea
774 1532 998 1603 offenderetur,
1025 1544 1061 1594 nt
1082 1554 1152 1594 eam
1179 1530 1279 1609 ipsam
1304 1530 1394 1590 velut

300 1641 430 1702 firmum
442 1649 670 1718 argumentum
682 1639 876 1712 adhibuerit,
889 1660 955 1718 quo
967 1639 1147 1720 Vergilium
1167 1639 1281 1700 Culicis
1296 1637 1393 1699 fuisse

298 1761 472 1822 auctorem,
496 1750 733 1812 demonstraret
757 1752 813 1832 (2).

297 1911 456 1920 -—--—-

368 1994 407 2067 (1)
429 1997 588 2060 Praeterea,
603 1994 627 2048 si
641 1994 670 2047 in
683 1994 786 2048 iisdem
799 1994 948 2048 versiculis
960 1995 1178 2050 coniunctiones
1191 1999 1393 2051 tantummodo

297 2099 326 2144 et
345 2092 499 2144 verborum
514 2097 646 2156 tempora
659 2089 887 2154 considerantur,
903 2090 1055 2142 manifesto
1075 2091 1310 2158 deprehenditur,
1325 2109 1392 2158 poe-

297 2188 344 2234 tae
363 2180 547 2245 sententiam,
568 2180 648 2246 quod
666 2178 769 2232 attinet
788 2178 825 2231 ad
845 2181 998 2233 verborum
1018 2181 1099 2247 quasi
1119 2190 1300 2248 structuram,
1315 2185 1393 2236 haud

297 2279 380 2332 aliter
389 2280 445 2332 hoc
455 2279 520 2332 loco
529 2277 684 2344 significari
694 2285 782 2343 atque
791 2277 820 2330 in
832 2277 887 2329 hoc
897 2279 1101 2344 Georgicorum
1107 2280 1172 2332 loco
1180 2279 1242 2351 (IV.
1252 2281 1391 2352 425-427);

583 2519 643 2572 Iam
663 2517 780 2585 rapidus
800 2526 913 2573 torrens
931 2520 1061 2573 sitientes
1081 2521 1172 2574 Sirius
1191 2521 1280 2574 Indos

582 2612 718 2673 Ardebat,
740 2605 821 2665 caelo
840 2616 869 2665 et
886 2610 1014 2667 medium
1033 2614 1077 2666 sol
1096 2614 1199 2680 igneus
1217 2614 1317 2668 orbem

582 2707 729 2760 Hauserat
742 2746 843 2762 .....

368 2915 425 2968 Hic
444 2914 522 2967 enim
540 2937 552 2961 «
563 2921 614 2968 et»
638 2913 843 2968 coniunctione
862 2915 939 2968 duae
957 2915 1148 2988 cogitationes
1167 2916 1391 2980 coniunguntur,

296 3024 419 3075 quarum
438 3008 527 3061 altera
540 3007 612 3078 (lam
632 3008 750 3074 rapidus
769 3016 882 3062 torrens
901 3008 1031 3061 sitientes
1042 3008 1133 3061 Sirius
1152 3008 1241 3062 Indos
1251 3008 1392 3078 Ardebat)

296 3108 393 3168 potest
411 3117 476 3154 cum
495 3101 592 3166 priore
612 3101 719 3154 Culicis
737 3101 860 3155 conferri
880 3100 999 3172 (Igneus
1018 3102 1165 3156 aethereas
1179 3103 1236 3155 iam
1249 3102 1292 3155 sol
1308 3107 1391 3167 peue-

299 3196 393 3247 trabat
410 3194 439 3247 in
459 3211 538 3247 arces
558 3194 747 3261 Candidaque
766 3203 867 3248 aurato
886 3195 1033 3262 quatiebat
1052 3195 1160 3248 lumina
1176 3193 1282 3264 curru),
1304 3195 1393 3248 altera

297 3284 424 3356 (...cae10
443 3289 472 3340 et
490 3287 618 3340 medium
637 3288 680 3340 sol
700 3286 801 3353 igneus
815 3286 1088 3357 orbem-Hauserat)
1102 3286 1221 3340 omnino
1240 3287 1393 3352 posteriori

300 3379 403 3432 Culicis
429 3380 586 3446 respondet
615 3379 761 3451 (Crinibus
789 3383 819 3433 et
845 3381 935 3434 roseis
963 3381 1095 3434 tenebras
1114 3397 1217 3434 aurora
1238 3379 1390 3450 fugarat).

297 3472 385 3538 Quod
404 3479 500 3539 potest
527 3473 747 3539 quodammodo
774 3472 954 3538 confirmare,
982 3465 1085 3526 (blicis
1113 3490 1213 3527 versus
1232 3488 1315 3539 42-44
1333 3491 1392 3527 non

295 3571 408 3617 tantum
427 3581 444 3616 a
462 3581 566 3630 genere
594 3565 739 3619 scribendi
758 3566 927 3633 Vergiliano
954 3565 1113 3630 discedere,
1134 3571 1276 3632 quantum
1297 3567 1390 3618 ΗΜ).

297 3657 453 3711 arbitratus
472 3657 518 3722 sit;
539 3658 708 3724 praesertim
734 3676 799 3712 cum
818 3658 1063 3712 animadvertatur
1081 3660 1280 3726 insequentem
1299 3659 1393 3711 versi-

296 3750 393 3803 culum
409 3766 506 3803 carere
523 3768 633 3805 «cum»
651 3751 864 3817 coniunctione,
880 3759 912 3805 ut
924 3768 1011 3818 saepe
1024 3752 1103 3819 apud
1121 3752 1283 3820 Vergilium
1297 3751 1392 3821 ipsum

297 3838 351 3909 (Cf.
372 3841 446 3895 Aen.
468 3843 506 3908 ΙΙ,
527 3847 659 3910 801-804;
681 3845 718 3909 V,
739 3842 883 3913 762-3...).

368 3931 408 4004 (2)
423 3937 528 3989 ‹Zwar
537 3937 587 3991 hat
597 3938 648 3990 das
660 3937 851 4004 Hyperbaton
864 3938 915 3991 des
930 3956 945 3988 «
955 3945 1008 3991 et»
1024 3955 1050 3991 v.
1064 3941 1096 3991 52
1117 3937 1272 3991 Bedenken
1285 3946 1390 4005 erregt,

297 4023 366 4077 aber
383 4028 472 4091 grade
485 4028 565 4082 diese
578 4031 601 4081 F
603 4029 704 4082 reiheit
717 4029 825 4095 spricht
844 4029 888 4081 stir
900 4028 948 4081 die
962 4029 1202 4083 Versasserschaft
1214 4029 1265 4082 des
1279 4029 1391 4096 jungeri

297 4115 408 4183 Vergil,
420 4116 457 4169 da
469 4118 511 4171 sie
521 4117 582 4171 sich
592 4134 628 4171 an
639 4117 887 4175 alexandrinische
897 4117 1053 4171 Vorbilder
1065 4119 1262 4175 anschliesst.»
1282 4121 1321 4190 (p.
1333 4121 1389 4193 48).
