3384 5212
825 525 967 577 ...24-

349 660 503 741 ponderis
525 683 564 723 ac
586 659 768 725 momenti?
804 664 891 725 Num
927 661 988 724 suit
1010 660 1184 742 Vergilius,
1207 683 1281 724 cum
1311 661 1447 724 Culicem

351 770 490 849 scripsit,
512 770 668 852 grandior
690 771 818 836 sactus?
855 771 975 844 Fuerit;
997 783 1033 834 at
1063 793 1127 834 non
1150 773 1270 835 desunt
1298 771 1448 852 exempla

351 882 511 945 clarorum
536 894 714 962 poetarum,
730 883 787 963 qui
804 883 948 947 animum
966 884 998 945 in
1016 905 1131 963 parvas
1154 905 1204 946 rea
1228 883 1446 956 intenderunt,

350 1015 423 1056 cum
440 1013 574 1073 graecae
587 1004 672 1055 artes
688 992 780 1054 virile
797 994 1018 1056 Romanorum
1032 992 1199 1073 ingenium
1214 994 1256 1057 ad
1273 974 1447 1055 etioemina·

351 1117 420 1203 tum
443 1105 607 1185 quendam
632 1104 819 1184 languorem
845 1103 1081 1169 inclinaverunt
1104 1107 1115 1184 (
1138 1107 1159 1184 ).

443 1218 609 1279 Praeterea
641 1215 669 1279 si
693 1215 761 1277 veri
784 1214 889 1279 simile
912 1227 1011 1279 est-
1029 1226 1065 1279 ut
1094 1236 1192 1295 supra
1213 1215 1446 1277 demonstravi·

353 1328 651 1408 mus-Vergilium
677 1327 801 1391 misisse
814 1349 943 1390 carmen
965 1328 1008 1390 ad
1026 1327 1208 1401 Octavium,
1223 1328 1282 1408 qui
1298 1339 1377 1390 tunc
1391 1328 1447 1391 vix

354 1436 562 1498 undecimum
586 1457 708 1498 annum
732 1448 851 1516 ageret,
872 1437 901 1499 ei
925 1437 1110 1518 eligendum
1135 1437 1196 1500 fuit
1217 1449 1446 1519 argumentum

352 1548 483 1626 plenum
508 1546 742 1629 delectationis,
766 1568 832 1627 quo
856 1547 889 1608 in
913 1547 1087 1610 amicitiam
1111 1548 1212 1627 pueri,
1234 1569 1332 1628 quam
1362 1547 1448 1610 citis·

352 1660 442 1731 sime,
468 1659 671 1738 reciperetur.
696 1660 739 1724 Et
754 1660 927 1740 quisquam
950 1659 1122 1732 dubitabit,
1138 1660 1220 1739 quin
1243 1659 1394 1738 voluptas
1407 1681 1447 1721 ex

356 1772 459 1833 Colice
483 1792 547 1833 non
572 1773 670 1835 modo
692 1793 712 1832 a
737 1772 855 1851 pueris,
873 1772 929 1833 sed
953 1771 1050 1833 etiam
1072 1772 1113 1832 ab
1137 1771 1215 1850 ipsis
1237 1770 1448 1859 adulescenti·

353 1885 423 1958 buS,
449 1885 569 1965 percipi
593 1886 721 1966 possit?
743 1888 789 1966 (2)

444 1997 712 2076 Progrediamur:
748 1997 828 2076 quid
851 1998 893 2059 de
927 1996 1140 2076 dispositione
1172 2017 1277 2058 rerum
1304 1995 1447 2075 rogitan-

353 2106 432 2166 dum
457 2106 531 2168 est?
555 2109 659 2169 Nemo
689 2107 853 2178 infitietur,
879 2107 1036 2186 poematis
1063 2117 1303 2187 argumentum,
1327 2104 1448 2168 scilicet

353 2239 489 2297 parvum
506 2218 650 2290 culicem,
668 2219 800 2280 minime
825 2219 990 2280 materiam
1007 2219 1048 2280 ad
1068 2231 1217 2280 ornatum
1231 2229 1344 2298 poetae
1359 2238 1446 2297 prae

353 2327 428 2389 bere
451 2327 604 2404 potuisse.
630 2327 719 2406 Quid
743 2327 844 2407 igitur
865 2328 1043 2390 uidendum
1067 2328 1129 2390 fuit
1151 2328 1305 2408 Vergilio,
1326 2326 1387 2389 nisi
1412 2338 1448 2388 ut

353 2437 610 2517 digressionibus
633 2451 666 2501 et
688 2451 917 2520 argumentum
932 2451 1066 2520 augeret
1088 2439 1254 2519 et-quod
1278 2439 1379 2518 pluris
1403 2438 1449 2499 in-

353 2550 659 2630 tererat-iegentes
681 2551 879 2612 delectaret?

444 2661 489 2721 At
514 2660 660 2722 nonnulii
685 2660 771 2722 docti
795 2660 1045 2740 homines-qui
1068 2660 1200 2739 quidem
1220 2661 1355 2723 Culicem
1372 2663 1449 2723 Ver·

352 2771 433 2851 gilio
457 2773 758 2835 tribuerunt-cum
782 2796 820 2836 ea
843 2776 908 2837 sere
932 2775 1050 2847 omnia,
1065 2796 1150 2855 quae
1172 2797 1192 2836 a
1212 2775 1379 2854 proposito
1400 2775 1449 2836 di-

352 2887 555 2966 grediuntur,
573 2890 677 2951 aliena
701 2891 741 2951 ab
764 2890 877 2951 eodem
900 2888 1044 2952 carmine
1066 2898 1243 2968 putassent,
1259 2887 1398 2967 plurima
1414 2888 1447 2949 in

261 3028 266 3037 ·
352 3016 391 3058 eo
423 2998 587 3060 interiecta
616 3000 778 3061 dixerunt.
816 3001 928 3080 Itaque
952 2999 1042 3061 Hild.
1066 3000 1107 3060 ab
1142 2999 1202 3060 hac
1233 2999 1356 3060 ratione
1379 2986 1449 3078 pro-

353 3103 464 3177 fectum
490 3114 635 3169 trecentos
657 3116 688 3169 et
710 3110 927 3188 duodevzgz'nti
949 3130 1061 3171 versus
1085 3110 1118 3169 in
1148 3109 1250 3171 Colice
1273 3109 1369 3171 falsos
1393 3130 1450 3188 pu·

352 3215 432 3278 tavit
446 3219 452 3278 Ι

352 3407 512 3417 ——.—..

427 3525 465 3593 (1)
487 3527 519 3578 In
540 3526 574 3578 iis
593 3526 715 3579 Ovidius
734 3525 897 3579 Halieutica
921 3525 1115 3579 mediocribus
1133 3525 1263 3578 versibus
1280 3531 1450 3591 persecutus

354 3627 408 3672 est.
432 3621 493 3674 Nec
507 3620 611 3674 mirum
624 3631 677 3686 est;
699 3621 753 3674 nisi
767 3622 839 3675 sorte
858 3627 1060 3688 argumentum
1073 3628 1208 3687 putamus
1221 3619 1349 3671 versibus
1362 3620 1449 3685 aptis·

354 3717 468 3769 simum.
492 3717 630 3770 Attamen
657 3718 735 3784 apud
754 3719 926 3782 Germanos
948 3716 1033 3769 nullis
1058 3732 1128 3768 vero
1154 3714 1242 3767 firmis
1261 3716 1448 3780 argumentiS,

354 3809 393 3863 de
412 3810 457 3863 his
474 3810 628 3863 Ovidianis
646 3811 784 3876 reliquiis,
805 3826 877 3876 quas
892 3809 1120 3862 Halieutr'corum
1139 3816 1281 3870 tenemuS,
1299 3807 1451 3873 ambigunt

354 3902 408 3956 viri
427 3902 505 3955 docti
520 3903 568 3972 (V.
581 3901 735 3968 praecipue
749 3903 892 3964 Bmmunr,
907 3901 926 3953 l.
938 3904 985 3964 s.);
1001 3915 1095 3965 neque
1108 3898 1180 3951 illud
1194 3897 1308 3950 Horatii
1329 3899 1450 3964 «Quan-

355 3997 476 4062 doque»
498 3998 528 4049 in
547 3997 726 4060 memoriam,
748 4005 779 4050 ut
797 3996 965 4063 prudentes,
986 4002 1132 4049 revocant.

427 4089 465 4159 (2)
487 4087 639 4155 Equidem,
660 4097 689 4141 et
708 4087 737 4140 in
757 4087 832 4140 ludis
851 4094 881 4139 et
905 4088 935 4139 in
953 4085 1068 4150 scholiS,
1089 4085 1145 4137 hoc
1163 4084 1246 4151 potui
1266 4083 1450 4137 animadver-

358 4190 426 4255 Ἐκ,
447 4201 513 4238 cum
531 4184 577 4238 vel
596 4183 654 4262 legi
672 4184 717 4236 vel
735 4181 847 4236 narravi
866 4180 1001 4235 miseram
1019 4178 1118 4234 culicis
1137 4179 1297 4244 historiam,
