3384 5212
775 435 917 490 ''⁹37¹'‘

734 684 804 743 Aet.
831 686 883 758 4-8
909 680 920 762 (
944 682 964 757 ).

277 941 281 950 .
387 895 545 959 ...dexter
567 894 678 957 venias
703 896 792 968 mihi,
817 895 969 958 carminis
992 907 1113 968 auctor,

386 1027 441 1067 seu
467 1017 498 1068 te
521 1006 671 1068 Xanthos
695 1007 792 1068 habet
815 1028 871 1069 seu
897 1007 995 1068 Delos
1019 1009 1142 1087 gratior
1166 1009 1218 1070 illa

386 1115 454 1177 sive
478 1115 536 1176 tibi
561 1116 697 1178 Rhodos
721 1127 769 1178 est
792 1117 907 1196 potior;
932 1130 1103 1199 tecumque
1126 1119 1270 1182 faventes

387 1226 420 1288 in
445 1247 528 1288 nova
553 1227 656 1288 Pierio
680 1239 853 1306 properent
876 1250 894 1289 a
918 1228 1006 1290 sonte
1029 1249 1154 1292 sorores

386 1359 479 1399 rura:
505 1359 562 1418 per
585 1338 751 1400 insolitum
776 1340 905 1401 Phoebo
929 1339 1011 1402 duce
1035 1340 1136 1402 tutius
1161 1341 1234 1408 itur.

385 1562 502 1623 Nonne
525 1561 610 1623 enim
634 1572 767 1640 apparet
783 1561 816 1622 in
833 1563 936 1622 Aetna
960 1561 1089 1640 ineptus
1109 1573 1212 1641 poeta,
1229 1564 1297 1643 qui,
1315 1586 1389 1626 eum

297 1672 481 1750 exemplum
505 1672 596 1752 sequi
621 1684 763 1744 conetur,
787 1673 849 1734 alia
873 1673 1010 1735 fideliter
1044 1674 1203 1736 exscribat
1227 1678 1390 1754 (carminis
1429 1719 1432 1724 -

270 1853 272 1855 ,
297 1789 418 1864 auctor)
440 1785 502 1847 alia
526 1806 624 1864 prave
649 1785 792 1846 imitetur
817 1790 881 1864 (seu
906 1793 933 1846 te
956 1787 1100 1847 Xanthos
1118 1783 1250 1866 hobed?
1274 1788 1391 1850 Nonne

298 1896 493 1958 offendimur
528 1897 700 1976 asperitate
727 1899 848 1958 Aetnae
870 1918 1021 1959 versuum
1046 1917 1076 1973 4,
1103 1901 1133 1967 6,
1161 1901 1189 1967 8,
1215 1896 1270 1957 ubi
1294 1898 1392 1959 verba

298 2006 463 2086 bisyllaba,
481 2007 573 2086 quasi
591 2006 724 2068 totidem
742 2006 886 2086 singulti,
912 2027 1082 2068 numerum
1097 2005 1288 2086 infringunt,
1306 2026 1394 2084 prae·

298 2118 408 2180 sertim
433 2118 555 2180 sicum
580 2119 630 2181 his
660 2118 775 2179 Culicis
808 2139 920 2180 versus
954 2138 1186 2197 comparemus,
1212 2117 1245 2177 in
1273 2118 1393 2197 quibus

298 2229 407 2292 omnia
429 2230 527 2292 verba
550 2230 592 2291 ad
615 2251 730 2292 sonum
755 2229 916 2310 exquisita
939 2229 1143 2290 invenimus?
1168 2229 1283 2308 Neque
1306 2250 1394 2308 prae·

299 2341 490 2404 tereundum
515 2352 572 2414 est,
597 2341 856 2420 corruptissimos
871 2363 941 2404 esse
964 2341 1024 2403 hos
1049 2362 1160 2403 versus
1184 2340 1217 2400 in
1240 2341 1393 2404 omnibus

300 2455 474 2527 codicibus,
500 2455 672 2538 siquidem,
698 2466 733 2515 ut
749 2522 753 2529 ,
767 2453 915 2534 exemplo
940 2465 1020 2525 utar,
1049 2475 1101 2514 vv.
1121 2458 1172 2530 5·6
1192 2452 1235 2513 ita
1258 2454 1394 2534 scriptos

300 2565 499 2629 invenimus:

414 2791 478 2853 Seu
504 2803 535 2854 te
558 2792 698 2871 cynthus
722 2791 828 2863 habet,
854 2811 910 2853 seu
935 2788 1034 2850 Delos
1057 2789 1183 2868 gracior
1207 2789 1269 2863 illa,

412 2901 476 2962 Seu
502 2900 559 2961 tibi
583 2901 712 2962 dodona
735 2910 785 2962 est
787 2947 838 2967 .....

390 3124 454 3184 Sed
480 3143 566 3185 nunc
588 3123 711 3203 aliquid
733 3123 837 3185 dicam
855 3125 896 3185 de
911 3123 1057 3186 versibus
1077 3130 1182 3202 25·36,
1200 3126 1266 3205 qui,
1285 3126 1394 3187 multis
1444 3097 1448 3105 .

301 3235 341 3297 de
365 3236 478 3308 causis,
504 3235 676 3297 adulterini
701 3236 780 3296 mihi
804 3236 965 3297 videntur.
991 3237 1164 3315 Quomodo
1197 3237 1281 3298 enim
1319 3240 1395 3299 Ver-

300 3344 398 3424 gilius
410 3345 680 3417 adulescentulus
697 3367 770 3408 cum
788 3348 849 3407 hoc
863 3367 991 3408 carmen
1009 3347 1050 3407 ad
1067 3347 1239 3408 Octavium
1258 3368 1392 3425 puerum

302 3454 427 3517 mittere
451 3454 555 3538 vellet,
572 3476 646 3517 eum
662 3455 872 3535 appellaverit
894 3456 1125 3528 venerandum,
1148 3456 1280 3518 minime
1305 3457 1395 3519 intel-

301 3567 448 3648 legimus.
474 3571 588 3648 Neque
612 3568 726 3630 melius
749 3568 898 3631 videmus
932 3591 1016 3649 quae
1049 3591 1146 3631 causa
1170 3570 1220 3642 sit,
1247 3591 1304 3631 cur
1327 3570 1395 3648 ipse

302 3686 398 3755 neget
419 3696 454 3736 se
478 3695 582 3754 neque
605 3675 728 3736 fabulas
744 3694 849 3754 neque
871 3675 952 3736 sacta
977 3675 1122 3737 versibus
1139 3687 1393 3754 persecuturum,

301 3801 373 3841 cum
398 3791 492 3843 antea
517 3781 578 3860 (vv.
601 3781 664 3857 1·7)
685 3780 842 3859 poematis
865 3792 1092 3859 argumentum
1119 3781 1180 3841 iam
1206 3782 1239 3842 in
1263 3782 1401 3844 exordio

301 3888 519 3952 declaraverit.
557 3890 723 3952 Praeterea
757 3887 971 3951 audacissima
1006 3887 1217 3968 transgressio
1256 3911 1389 3950 «non»

373 4142 413 4218 (ι)
432 4142 475 4198 cf.
496 4140 785 4209 Bahrens-Poetae
804 4141 885 4197 latini
903 4142 1029 4197 minores
1047 4158 1076 4209 p.
1099 4143 1142 4197 88.
