3384 5212
772 491 915 555 ..48-

296 636 371 717 pina
394 637 632 718 compelluntur
656 637 729 719 (Od.
756 640 829 711 226,
859 634 927 699 Cul.
954 634 1042 712 261),
1066 633 1180 695 heroes
1202 652 1276 694 cum
1294 627 1394 692 nullis

297 749 429 810 infernis
452 749 515 811 diis
538 749 734 810 comitantur
755 749 832 827 (od.
859 751 1011 825 387·567,
1034 746 1103 808 Cul.
1124 749 1288 824 295·371).
1303 747 1395 806 Prae·

298 873 384 922 terea
408 860 433 921 si
460 859 605 921 nonnulli
631 859 691 921 loci
716 860 885 938 utriusque
909 870 1022 938 poetae
1053 868 1283 937 comparantur
1305 857 1392 936 (cul.

300 990 406 1047 230·1,
436 971 493 1033 od.
520 989 616 1048 71·3;
647 970 714 1032 Cul.
742 988 848 1046 231-2,
878 968 936 1032 Od.
965 985 1082 1043 14·15;
1112 967 1180 1028 Cul.
1208 970 1315 1046 234-6‚
1334 966 1392 1026 Od.

299 1099 469 1162 307-sqq.;
500 1081 567 1143 Col.
595 1087 702 1158 237-8,
732 1082 789 1142 Od.
816 1086 912 1158 5769
929 1100 937 1151 ;
966 1078 1035 1144 Cul.
1062 1097 1169 1156 24o·2,
1199 1079 1257 1141 Od.
1284 1083 1392 1155 582-6;

304 1190 371 1251 Cul.
399 1209 505 1268 2434
525 1193 582 1252 Od.
598 1195 706 1271 593-4)
717 1214 757 1253 ex
770 1192 820 1253 his
833 1211 940 1253 nonne
953 1191 1116 1271 Vergilius
1132 1189 1393 1253 adulescentulus

297 1312 439 1379 apparet,
464 1302 519 1380 qui
535 1303 668 1364 Homeri
686 1301 952 1374 studiosissimus,
968 1314 1004 1363 ut
1015 1301 1118 1363 serius
1141 1303 1278 1363 Aeneide
1289 1313 1394 1363 osten·

300 1411 358 1481 dit,
383 1432 456 1472 cum
481 1424 550 1474 arte
573 1413 668 1474 etiarn
695 1424 772 1474 tunc
795 1412 959 1484 caruisset,
984 1434 1049 1492 qua
1074 1412 1189 1491 optimi
1221 1412 1393 1490 scriptores

297 1523 430 1602 aliquod
453 1524 618 1604 exemplar
640 1526 771 1604 quidam
798 1525 959 1587 imitantes
983 1546 1104 1586 novum
1120 1545 1203 1605 opus
1216 1525 1391 1604 perfectum

299 1635 498 1712 perficerent,
524 1638 702 1697 Homerum
729 1637 825 1699 nimis
841 1637 975 1698 fideliter
995 1637 1139 1698 imitatus
1156 1637 1223 1698 sit?
1247 1637 1346 1716 Quod
1363 1636 1391 1699 si

299 1746 465 1807 Culiciana
489 1748 639 1820 narratio,
665 1770 749 1828 quae
771 1748 813 1809 ad
838 1748 1022 1827 Eurydicen
1053 1748 1179 1820 attinet,
1207 1746 1393 1809 clarissimis

299 1858 531 1937 Georgicorum
556 1860 702 1922 versibus
716 1862 785 1942 (IV,
800 1881 820 1938 4
824 1880 841 1938 5
847 1880 875 1937 3·
880 1865 958 1941 527)
970 1861 1057 1922 haud
1070 1861 1238 1923 dissimilis
1253 1861 1391 1934 videtur,

299 1977 388 2036 nullo
412 1976 519 2058 modo,
545 1988 580 2038 nt
604 1997 683 2049 reor,
709 1977 892 2038 mirandum
917 1989 974 2039 cst.

390 2088 571 2168 Vergilium
595 2089 681 2149 eninr
706 2089 842 2150 finxerat
866 2089 935 2167 ipsa
959 2102 1074 2151 natura
1097 2090 1139 2151 ad
1154 2089 1188 2150 id
1200 2109 1393 2170 genus,quo

300 2198 529 2274 perturbantur
552 2197 652 2258 animi
669 2208 701 2258 ct
716 2196 918 2258 concitantur
932 2217 939 2268 ;
964 2198 1072 2277 itaque
1095 2209 1222 2277 praeter
1236 2209 1340 2259 cetera
1356 2219 1394 2258 ea

301 2309 332 2368 in
363 2309 464 2369 Colice
487 2309 672 2387 probantur,
699 2309 732 2369 in
756 2310 876 2389 quibus
901 2331 1015 2372 sensus
1038 2311 1138 2371 animi
1153 2323 1325 2389 motusque
1340 2309 1413 2375 do·⁴

300 2418 474 2478 minantur.
501 2418 649 2498 Denique
672 2419 762 2498 quod
785 2419 901 2482 attinet
923 2421 964 2483 ad
988 2421 1123 2482 heroum
1145 2420 1392 2499 descriptionem

300 2534 363 2607 (vv.
392 2549 431 2604 29
435 2533 545 2610 5-371)
562 2531 594 2590 in
611 2553 675 2611 qua
689 2543 853 2611 tamquam
867 2531 992 2611 epicum
1009 2532 1169 2593 scribendi
1183 2553 1286 2611 genus
1299 2543 1393 2611 poeta

301 2653 503 2720 persecutum
528 2654 670 2722 apparet,
696 2663 800 2721 neque
823 2654 937 2722 poetae
952 2654 1040 2705 aetas
1056 2642 1274 2704 obliviscenda
1286 2655 1344 2715 est,
1359 2654 1394 2704 ut

300 2775 383 2832 qnae
406 2754 494 2815 varia
518 2754 697 2816 litterarum
721 2776 840 2834 genera
864 2755 1001 2833 experiri
1018 2768 1161 2827 conetur,
1179 2776 1285 2835 neque
1296 2757 1394 2818 verba

302 2865 402 2942 ipsius
426 2877 539 2944 poetae
563 2868 652 2944 (But.
678 2867 733 2930 VI.
759 2869 847 2945 3·5):

388 3087 493 3148 Prima
515 3087 687 3166 Syracosio
710 3087 843 3167 dignata
866 3099 915 3149 est
938 3087 1049 3149 ludere
1072 3109 1167 3150 versu

389 3210 506 3270 nostra,
531 3221 589 3270 nec
612 3199 741 3261 erubuit
764 3199 860 3261 silvas
884 3200 1038 3272 habitare,
1063 3200 1187 3265 Thalia.

388 3330 461 3369 cum
478 3331 624 3371 canerem
642 3331 734 3389 reges
749 3320 781 3370 et
798 3310 927 3388 proelia,
946 3310 1109 3389 Cynthius
1124 3331 1235 3371 aurem
1271 3364 1274 3370 .

391 3421 480 3482 vellit
495 3433 527 3482 et
542 3422 728 3483 admonuit:
750 3424 955 3494 «Pastorem,
970 3423 1090 3501 Tityre,
1108 3423 1246 3503 pingues

391 3555 520 3612 pascere
536 3546 663 3614 oportet
679 3556 764 3608 oves,
782 3537 957 3597 deductum
975 3535 1081 3597 dicere
1097 3556 1225 3597 carmen
1237 3561 1269 3601 ».

392 3756 520 3818 Invenit
542 3756 673 3836 quidem
699 3767 803 3839 poeta,
819 3756 974 3836 grandior
988 3756 1099 3829 factus,
1113 3757 1201 3836 quod
1213 3777 1318 3836 genus
1333 3756 1393 3819 sibi

302 3869 441 3930 maxime
465 3880 549 3931 esset
572 3869 734 3941 idoneum,
759 3869 951 3948 scripsitque
975 3858 1098 3946 poema,
1123 3890 1189 3948 quo
1204 3869 1329 3929 nullum
1346 3879 1395 3930 est

302 3978 334 4038 in
361 3980 517 4040 Romanis
542 3979 656 4040 litteris
679 3977 850 4057 perfectius
873 3999 964 4056 opus
995 3980 1110 4057 Neque
1140 3979 1313 4040 inferorum
1343 3978 1395 4039 de-

302 4092 442 4170 scriptio,
467 4113 551 4171 quae
576 4091 607 4152 in
625 4093 761 4153 Aeneide
785 4091 958 4170 invenitur,
981 4112 1054 4151 curn
1080 4088 1395 4151 Culicianaconserri
