<?xml version="1.0" encoding="UTF-8"?>
<!DOCTYPE html PUBLIC "-//W3C//DTD XHTML 1.0 Transitional//EN"
    "http://www.w3.org/TR/xhtml1/DTD/xhtml1-transitional.dtd">
<html xmlns="http://www.w3.org/1999/xhtml" xml:lang="en" lang="en">
 <head>
  <title>
</title>
<meta http-equiv="Content-Type" content="text/html;charset=utf-8" />
  <meta name='ocr-system' content='tesseract 3.04.00' />
  <meta name='ocr-capabilities' content='ocr_page ocr_carea ocr_par ocr_line ocrx_word'/>
</head>
<body>
  <div class='ocr_page' id='page_1' title='image "./deculicisauctor00vitrgoog_0035.png"; bbox 0 0 3384 5212; ppageno 0'>
   <div class='ocr_carea' id='block_1_1' title="bbox 849 544 989 598">
    <p class='ocr_par' dir='ltr' id='par_1_1' title="bbox 849 544 989 598">
     <span class='ocr_line' id='line_1_1' title="bbox 849 544 989 598; baseline -0.007 -27"><span class='ocrx_word' id='word_1_1' title='bbox 849 544 989 598; x_wconf 71' lang='lat' dir='ltr'>-so-</span> 
     </span>
    </p>
   </div>
   <div class='ocr_carea' id='block_1_2' title="bbox 373 663 1688 2092">
    <p class='ocr_par' dir='ltr' id='par_1_2' title="bbox 373 663 1685 1428">
     <span class='ocr_line' id='line_1_2' title="bbox 462 663 1610 766; baseline 0 -26"><span class='ocrx_word' id='word_1_2' title='bbox 462 674 640 745; x_wconf 89' lang='lat' dir='ltr'>Nosidem</span> <span class='ocrx_word' id='word_1_3' title='bbox 664 679 821 742; x_wconf 91' lang='lat' dir='ltr'>sentimus</span> <span class='ocrx_word' id='word_1_4' title='bbox 844 703 917 742; x_wconf 93' lang='lat' dir='ltr'>cum</span> <span class='ocrx_word' id='word_1_5' title='bbox 944 679 1074 752; x_wconf 89' lang='lat' dir='ltr'>Ellisio,</span> <span class='ocrx_word' id='word_1_6' title='bbox 1100 678 1161 741; x_wconf 91' lang='lat' dir='ltr'>nisi</span> <span class='ocrx_word' id='word_1_7' title='bbox 1185 680 1274 759; x_wconf 92' lang='lat' dir='ltr'>quod</span> <span class='ocrx_word' id='word_1_8' title='bbox 1298 699 1357 760; x_wconf 92' lang='lat' dir='ltr'>pro</span> <span class='ocrx_word' id='word_1_9' title='bbox 1383 679 1466 741; x_wconf 75' lang='lat' dir='ltr'>«cui</span> <span class='ocrx_word' id='word_1_10' title='bbox 1525 762 1527 766; x_wconf 5' lang='grc' dir='ltr'>μ</span> <span class='ocrx_word' id='word_1_11' title='bbox 1603 663 1610 736; x_wconf 66' lang='lat' dir='ltr'>s</span> 
     </span>
     <span class='ocr_line' id='line_1_3' title="bbox 373 790 1552 872; baseline 0 -20"><span class='ocrx_word' id='word_1_12' title='bbox 373 790 497 852; x_wconf 88' lang='lat' dir='ltr'><strong>cessit»</strong></span> <span class='ocrx_word' id='word_1_13' title='bbox 527 791 653 853; x_wconf 79' lang='lat' dir='ltr'>«cessit</span> <span class='ocrx_word' id='word_1_14' title='bbox 675 791 757 852; x_wconf 78' lang='lat' dir='ltr'>cui»</span> <span class='ocrx_word' id='word_1_15' title='bbox 784 792 890 872; x_wconf 87' lang='lat' dir='ltr'>legere</span> <span class='ocrx_word' id='word_1_16' title='bbox 915 792 1082 863; x_wconf 91' lang='lat' dir='ltr'>malimus;</span> <span class='ocrx_word' id='word_1_17' title='bbox 1107 811 1192 871; x_wconf 91' lang='lat' dir='ltr'>quae</span> <span class='ocrx_word' id='word_1_18' title='bbox 1214 790 1309 853; x_wconf 90' lang='lat' dir='ltr'>lectio</span> <span class='ocrx_word' id='word_1_19' title='bbox 1332 812 1406 853; x_wconf 92' lang='lat' dir='ltr'>cum</span> <span class='ocrx_word' id='word_1_20' title='bbox 1431 790 1465 852; x_wconf 94' lang='lat' dir='ltr'>in</span> <span class='ocrx_word' id='word_1_21' title='bbox 1549 832 1552 839; x_wconf 81' lang='lat'>,</span> 
     </span>
     <span class='ocr_line' id='line_1_4' title="bbox 373 901 1471 984; baseline 0 -21"><span class='ocrx_word' id='word_1_22' title='bbox 373 901 524 963; x_wconf 92' lang='lat' dir='ltr'>omnibus</span> <span class='ocrx_word' id='word_1_23' title='bbox 548 902 713 964; x_wconf 90' lang='lat' dir='ltr'>codicibus</span> <span class='ocrx_word' id='word_1_24' title='bbox 735 903 898 982; x_wconf 90' lang='lat' dir='ltr'>(Corsinio</span> <span class='ocrx_word' id='word_1_25' title='bbox 925 906 1071 982; x_wconf 74' lang='lat' dir='ltr'>excepto)</span> <span class='ocrx_word' id='word_1_26' title='bbox 1097 901 1279 975; x_wconf 90' lang='lat' dir='ltr'>invenitur,</span> <span class='ocrx_word' id='word_1_27' title='bbox 1305 913 1374 963; x_wconf 92' lang='lat' dir='ltr'>tum</span> <span class='ocrx_word' id='word_1_28' title='bbox 1398 913 1471 984; x_wconf 70' lang='lat' dir='ltr'>est,</span> 
     </span>
     <span class='ocr_line' id='line_1_5' title="bbox 373 1014 1639 1093; baseline -0.002 -19"><span class='ocrx_word' id='word_1_29' title='bbox 373 1034 456 1093; x_wconf 90' lang='lat' dir='ltr'>quae</span> <span class='ocrx_word' id='word_1_30' title='bbox 489 1014 624 1091; x_wconf 86' lang='lat' dir='ltr'>dicitur,</span> <span class='ocrx_word' id='word_1_31' title='bbox 648 1014 817 1080; x_wconf 87' lang='lat' dir='ltr'>difficilior.</span> <span class='ocrx_word' id='word_1_32' title='bbox 842 1015 933 1077; x_wconf 94' lang='lat' dir='ltr'>Nihil</span> <span class='ocrx_word' id='word_1_33' title='bbox 968 1015 1085 1077; x_wconf 91' lang='lat' dir='ltr'>mirum</span> <span class='ocrx_word' id='word_1_34' title='bbox 1116 1015 1143 1077; x_wconf 92' lang='lat' dir='ltr'>si</span> <span class='ocrx_word' id='word_1_35' title='bbox 1167 1015 1334 1077; x_wconf 89' lang='lat' dir='ltr'>Corsinius</span> <span class='ocrx_word' id='word_1_36' title='bbox 1364 1015 1466 1077; x_wconf 84' lang='lat' dir='ltr'><strong>codex</strong></span> <span class='ocrx_word' id='word_1_37' title='bbox 1528 1042 1549 1071; x_wconf 58' lang='grc' dir='ltr'>κ</span> <span class='ocrx_word' id='word_1_38' title='bbox 1610 1030 1639 1046; x_wconf 64' lang='lat'><strong>²</strong></span> 
     </span>
     <span class='ocr_line' id='line_1_6' title="bbox 377 1117 1468 1206; baseline 0.003 -23"><span class='ocrx_word' id='word_1_39' title='bbox 377 1148 394 1183; x_wconf 90' lang='lat'>«</span> <span class='ocrx_word' id='word_1_40' title='bbox 411 1125 462 1186; x_wconf 91' lang='lat' dir='ltr'>cui</span> <span class='ocrx_word' id='word_1_41' title='bbox 486 1125 614 1187; x_wconf 87' lang='lat' dir='ltr'>cessit»</span> <span class='ocrx_word' id='word_1_42' title='bbox 641 1127 758 1197; x_wconf 86' lang='lat' dir='ltr'>habet;</span> <span class='ocrx_word' id='word_1_43' title='bbox 783 1147 877 1205; x_wconf 87' lang='lat' dir='ltr'>nam,</span> <span class='ocrx_word' id='word_1_44' title='bbox 901 1147 974 1188; x_wconf 93' lang='lat' dir='ltr'>cum</span> <span class='ocrx_word' id='word_1_45' title='bbox 998 1146 1177 1206; x_wconf 81' lang='lat' dir='ltr'>pronomen</span> <span class='ocrx_word' id='word_1_46' title='bbox 1208 1117 1378 1188; x_wconf 82' lang='lat' dir='ltr'>relativum</span> <span class='ocrx_word' id='word_1_47' title='bbox 1402 1125 1468 1186; x_wconf 88' lang='lat' dir='ltr'>sere</span> 
     </span>
     <span class='ocr_line' id='line_1_7' title="bbox 373 1238 1463 1319; baseline 0.001 -23"><span class='ocrx_word' id='word_1_48' title='bbox 373 1257 499 1315; x_wconf 83' lang='lat' dir='ltr'><strong>semper</strong></span> <span class='ocrx_word' id='word_1_49' title='bbox 514 1249 589 1299; x_wconf 90' lang='lat' dir='ltr'>ante</span> <span class='ocrx_word' id='word_1_50' title='bbox 604 1238 739 1299; x_wconf 92' lang='lat' dir='ltr'>verbum</span> <span class='ocrx_word' id='word_1_51' title='bbox 765 1238 971 1311; x_wconf 87' lang='lat' dir='ltr'>inveniretur,</span> <span class='ocrx_word' id='word_1_52' title='bbox 986 1239 1066 1300; x_wconf 90' lang='lat' dir='ltr'>nihil</span> <span class='ocrx_word' id='word_1_53' title='bbox 1085 1238 1188 1319; x_wconf 84' lang='lat' dir='ltr'>magis</span> <span class='ocrx_word' id='word_1_54' title='bbox 1211 1247 1463 1299; x_wconf 88' lang='lat' dir='ltr'>consentaneum</span> 
     </span>
     <span class='ocr_line' id='line_1_8' title="bbox 373 1346 1465 1428; baseline 0.004 -22"><span class='ocrx_word' id='word_1_55' title='bbox 373 1366 443 1407; x_wconf 91' lang='lat' dir='ltr'>esse</span> <span class='ocrx_word' id='word_1_56' title='bbox 465 1358 591 1425; x_wconf 88' lang='lat' dir='ltr'>poterat</span> <span class='ocrx_word' id='word_1_57' title='bbox 613 1369 712 1428; x_wconf 89' lang='lat' dir='ltr'>quam</span> <span class='ocrx_word' id='word_1_58' title='bbox 730 1369 788 1427; x_wconf 90' lang='lat' dir='ltr'>pro</span> <span class='ocrx_word' id='word_1_59' title='bbox 808 1348 936 1410; x_wconf 83' lang='lat' dir='ltr'>«cessit</span> <span class='ocrx_word' id='word_1_60' title='bbox 959 1347 1010 1409; x_wconf 94' lang='lat' dir='ltr'>cui</span> <span class='ocrx_word' id='word_1_61' title='bbox 1027 1372 1045 1407; x_wconf 89' lang='lat'><strong>»</strong></span> <span class='ocrx_word' id='word_1_62' title='bbox 1068 1371 1086 1406; x_wconf 89' lang='lat'>‹&lt;</span> <span class='ocrx_word' id='word_1_63' title='bbox 1101 1347 1153 1408; x_wconf 92' lang='lat' dir='ltr'>cui</span> <span class='ocrx_word' id='word_1_64' title='bbox 1169 1346 1265 1409; x_wconf 83' lang='lat' dir='ltr'>cessit</span> <span class='ocrx_word' id='word_1_65' title='bbox 1280 1371 1298 1406; x_wconf 84' lang='lat'><strong>»</strong></span> <span class='ocrx_word' id='word_1_66' title='bbox 1317 1346 1465 1410; x_wconf 87' lang='lat' dir='ltr'>scribere.</span> 
     </span>
    </p>

    <p class='ocr_par' dir='ltr' id='par_1_3' title="bbox 373 1455 1466 1646">
     <span class='ocr_line' id='line_1_9' title="bbox 464 1455 1466 1536; baseline 0.002 -20"><span class='ocrx_word' id='word_1_67' title='bbox 464 1455 614 1535; x_wconf 88' lang='lat' dir='ltr'>Denique</span> <span class='ocrx_word' id='word_1_68' title='bbox 630 1455 710 1536; x_wconf 93' lang='lat' dir='ltr'>quid</span> <span class='ocrx_word' id='word_1_69' title='bbox 727 1456 769 1517; x_wconf 89' lang='lat' dir='ltr'>de</span> <span class='ocrx_word' id='word_1_70' title='bbox 784 1455 1045 1534; x_wconf 78' lang='lat' dir='ltr'>Vergilianorum</span> <span class='ocrx_word' id='word_1_71' title='bbox 1069 1455 1249 1518; x_wconf 88' lang='lat' dir='ltr'>carminum</span> <span class='ocrx_word' id='word_1_72' title='bbox 1274 1455 1466 1530; x_wconf 88' lang='lat' dir='ltr'>imitatione,</span> 
     </span>
     <span class='ocr_line' id='line_1_10' title="bbox 373 1565 1130 1646; baseline 0.004 -19"><span class='ocrx_word' id='word_1_73' title='bbox 373 1587 471 1645; x_wconf 90' lang='lat' dir='ltr'>quam</span> <span class='ocrx_word' id='word_1_74' title='bbox 497 1567 619 1641; x_wconf 90' lang='lat' dir='ltr'>dicunt,</span> <span class='ocrx_word' id='word_1_75' title='bbox 643 1565 852 1646; x_wconf 85' lang='lat' dir='ltr'>cogitandum</span> <span class='ocrx_word' id='word_1_76' title='bbox 877 1566 928 1638; x_wconf 92' lang='lat' dir='ltr'>sit,</span> <span class='ocrx_word' id='word_1_77' title='bbox 952 1567 1130 1630; x_wconf 88' lang='lat' dir='ltr'>videamus.</span> 
     </span>
    </p>

    <p class='ocr_par' dir='ltr' id='par_1_4' title="bbox 373 1666 1688 2092">
     <span class='ocr_line' id='line_1_11' title="bbox 463 1666 1468 1761; baseline 0 -20"><span class='ocrx_word' id='word_1_78' title='bbox 463 1682 529 1742; x_wconf 91' lang='lat' dir='ltr'>Iam</span> <span class='ocrx_word' id='word_1_79' title='bbox 555 1681 633 1744; x_wconf 90' lang='lat' dir='ltr'>satis</span> <span class='ocrx_word' id='word_1_80' title='bbox 657 1692 794 1751; x_wconf 90' lang='lat' dir='ltr'>constat,</span> <span class='ocrx_word' id='word_1_81' title='bbox 820 1702 893 1741; x_wconf 92' lang='lat' dir='ltr'>cum</span> <span class='ocrx_word' id='word_1_82' title='bbox 917 1681 1050 1761; x_wconf 84' lang='lat' dir='ltr'>aliquod</span> <span class='ocrx_word' id='word_1_83' title='bbox 1075 1703 1204 1745; x_wconf 87' lang='lat' dir='ltr'>carmen</span> <span class='ocrx_word' id='word_1_84' title='bbox 1227 1704 1247 1744; x_wconf 87' lang='lat' dir='ltr'>a</span> <span class='ocrx_word' id='word_1_85' title='bbox 1270 1666 1365 1760; x_wconf 70' lang='lat' dir='ltr'>poem</span> <span class='ocrx_word' id='word_1_86' title='bbox 1389 1700 1468 1761; x_wconf 82' lang='lat' dir='ltr'>quo</span> 
     </span>
     <span class='ocr_line' id='line_1_12' title="bbox 373 1788 1688 1881; baseline -0.005 -27"><span class='ocrx_word' id='word_1_87' title='bbox 373 1793 446 1854; x_wconf 86' lang='lat' dir='ltr'>dam</span> <span class='ocrx_word' id='word_1_88' title='bbox 473 1793 607 1852; x_wconf 91' lang='lat' dir='ltr'>ductum</span> <span class='ocrx_word' id='word_1_89' title='bbox 639 1788 860 1851; x_wconf 91' lang='lat' dir='ltr'>demonstrare</span> <span class='ocrx_word' id='word_1_90' title='bbox 883 1789 1004 1861; x_wconf 89' lang='lat' dir='ltr'>velint,</span> <span class='ocrx_word' id='word_1_91' title='bbox 1030 1790 1111 1850; x_wconf 90' lang='lat' dir='ltr'>nihil</span> <span class='ocrx_word' id='word_1_92' title='bbox 1146 1790 1320 1855; x_wconf 89' lang='lat' dir='ltr'>nonnullos</span> <span class='ocrx_word' id='word_1_93' title='bbox 1354 1791 1467 1852; x_wconf 89' lang='lat' dir='ltr'>doctos</span> <span class='ocrx_word' id='word_1_94' title='bbox 1682 1874 1688 1881; x_wconf 31' lang='lat'><em>-</em></span> 
     </span>
     <span class='ocr_line' id='line_1_13' title="bbox 374 1892 1637 1982; baseline -0.002 -19"><span class='ocrx_word' id='word_1_95' title='bbox 374 1902 636 1982; x_wconf 85' lang='lat' dir='ltr'>praetermittere,</span> <span class='ocrx_word' id='word_1_96' title='bbox 654 1901 833 1963; x_wconf 91' lang='lat' dir='ltr'>dummodo</span> <span class='ocrx_word' id='word_1_97' title='bbox 848 1902 936 1980; x_wconf 92' lang='lat' dir='ltr'>quod</span> <span class='ocrx_word' id='word_1_98' title='bbox 959 1902 1020 1963; x_wconf 91' lang='lat' dir='ltr'>sibi</span> <span class='ocrx_word' id='word_1_99' title='bbox 1045 1902 1246 1981; x_wconf 89' lang='lat' dir='ltr'>propositum</span> <span class='ocrx_word' id='word_1_100' title='bbox 1271 1902 1314 1965; x_wconf 83' lang='lat' dir='ltr'>sit</span> <span class='ocrx_word' id='word_1_101' title='bbox 1336 1902 1468 1964; x_wconf 90' lang='lat' dir='ltr'>demon·</span> <span class='ocrx_word' id='word_1_102' title='bbox 1543 1959 1546 1965; x_wconf 86' lang='grc'>,</span> <span class='ocrx_word' id='word_1_103' title='bbox 1626 1892 1637 1928; x_wconf 63' lang='lat'>²</span> 
     </span>
     <span class='ocr_line' id='line_1_14' title="bbox 373 2009 1467 2092; baseline -0.004 -17"><span class='ocrx_word' id='word_1_104' title='bbox 373 2027 474 2075; x_wconf 91' lang='lat' dir='ltr'>strare</span> <span class='ocrx_word' id='word_1_105' title='bbox 497 2012 631 2092; x_wconf 89' lang='lat' dir='ltr'>possint.</span> <span class='ocrx_word' id='word_1_106' title='bbox 657 2011 757 2073; x_wconf 87' lang='lat' dir='ltr'>Cuius</span> <span class='ocrx_word' id='word_1_107' title='bbox 781 2011 827 2072; x_wconf 92' lang='lat' dir='ltr'>rei</span> <span class='ocrx_word' id='word_1_108' title='bbox 850 2011 1010 2090; x_wconf 90' lang='lat' dir='ltr'>permulta</span> <span class='ocrx_word' id='word_1_109' title='bbox 1033 2012 1181 2092; x_wconf 89' lang='lat' dir='ltr'>exempla</span> <span class='ocrx_word' id='word_1_110' title='bbox 1204 2012 1422 2084; x_wconf 82' lang='lat' dir='ltr'>inveniantur,</span> <span class='ocrx_word' id='word_1_111' title='bbox 1439 2009 1467 2072; x_wconf 89' lang='lat' dir='ltr'>si</span> 
     </span>
    </p>
   </div>
   <div class='ocr_carea' id='block_1_3' title="bbox 374 2121 1467 2204">
    <p class='ocr_par' dir='ltr' id='par_1_5' title="bbox 374 2121 1467 2204">
     <span class='ocr_line' id='line_1_15' title="bbox 374 2121 1467 2204; baseline -0.005 -18"><span class='ocrx_word' id='word_1_112' title='bbox 374 2127 395 2187; x_wconf 95' lang='lat' dir='ltr'>ii</span> <span class='ocrx_word' id='word_1_113' title='bbox 419 2125 502 2197; x_wconf 94' lang='lat' dir='ltr'>libri,</span> <span class='ocrx_word' id='word_1_114' title='bbox 526 2124 582 2204; x_wconf 93' lang='lat' dir='ltr'>qui</span> <span class='ocrx_word' id='word_1_115' title='bbox 607 2135 683 2186; x_wconf 91' lang='lat' dir='ltr'>sunt</span> <span class='ocrx_word' id='word_1_116' title='bbox 705 2124 747 2185; x_wconf 92' lang='lat' dir='ltr'>de</span> <span class='ocrx_word' id='word_1_117' title='bbox 774 2123 950 2185; x_wconf 90' lang='lat' dir='ltr'>litterarum</span> <span class='ocrx_word' id='word_1_118' title='bbox 977 2123 1120 2186; x_wconf 90' lang='lat' dir='ltr'>historiis</span> <span class='ocrx_word' id='word_1_119' title='bbox 1150 2123 1289 2196; x_wconf 90' lang='lat' dir='ltr'>criticis,</span> <span class='ocrx_word' id='word_1_120' title='bbox 1305 2142 1397 2204; x_wconf 86' lang='lat' dir='ltr'>¹quos</span> <span class='ocrx_word' id='word_1_121' title='bbox 1421 2121 1467 2182; x_wconf 94' lang='lat' dir='ltr'>di-</span> 
     </span>
    </p>
   </div>
   <div class='ocr_carea' id='block_1_4' title="bbox 289 2237 1623 3648">
    <p class='ocr_par' dir='ltr' id='par_1_6' title="bbox 373 2237 1439 2321">
     <span class='ocr_line' id='line_1_16' title="bbox 373 2237 1439 2321; baseline -0.008 -23"><span class='ocrx_word' id='word_1_122' title='bbox 373 2248 459 2309; x_wconf 93' lang='lat' dir='ltr'>cunt,</span> <span class='ocrx_word' id='word_1_123' title='bbox 484 2237 684 2300; x_wconf 89' lang='lat' dir='ltr'>evolvantur.</span> <span class='ocrx_word' id='word_1_124' title='bbox 1436 2314 1439 2321; x_wconf 21' lang='grc' dir='ltr'>Ι</span> 
     </span>
    </p>

    <p class='ocr_par' dir='ltr' id='par_1_7' title="bbox 374 2347 1623 2540">
     <span class='ocr_line' id='line_1_17' title="bbox 466 2347 1572 2437; baseline 0 -27"><span class='ocrx_word' id='word_1_125' title='bbox 466 2351 513 2410; x_wconf 90' lang='lat' dir='ltr'>lta</span> <span class='ocrx_word' id='word_1_126' title='bbox 539 2349 675 2410; x_wconf 91' lang='lat' dir='ltr'>Baurius</span> <span class='ocrx_word' id='word_1_127' title='bbox 700 2350 767 2429; x_wconf 89' lang='lat'>(1),</span> <span class='ocrx_word' id='word_1_128' title='bbox 792 2347 930 2428; x_wconf 84' lang='lat' dir='ltr'>singulis</span> <span class='ocrx_word' id='word_1_129' title='bbox 960 2349 1028 2421; x_wconf 85' lang='lat' dir='ltr'>sere¹</span> <span class='ocrx_word' id='word_1_130' title='bbox 1053 2350 1170 2410; x_wconf 70' lang='lat' dir='ltr'>Culicis</span> <span class='ocrx_word' id='word_1_131' title='bbox 1193 2348 1339 2410; x_wconf 90' lang='lat' dir='ltr'>versibus</span> <span class='ocrx_word' id='word_1_132' title='bbox 1371 2347 1488 2410; x_wconf 48' lang='lat' dir='ltr'>mole-1·</span> <span class='ocrx_word' id='word_1_133' title='bbox 1562 2431 1572 2437; x_wconf 17' lang='lat' dir='ltr'>ss</span> 
     </span>
     <span class='ocr_line' id='line_1_18' title="bbox 374 2444 1623 2540; baseline -0.002 -17"><span class='ocrx_word' id='word_1_134' title='bbox 374 2461 516 2523; x_wconf 91' lang='lat' dir='ltr'>stissima</span> <span class='ocrx_word' id='word_1_135' title='bbox 533 2460 721 2540; x_wconf 84' lang='lat' dir='ltr'>diligentiae</span> <span class='ocrx_word' id='word_1_136' title='bbox 734 2459 941 2539; x_wconf 83' lang='lat' dir='ltr'>perversitate</span> <span class='ocrx_word' id='word_1_137' title='bbox 957 2481 1029 2522; x_wconf 94' lang='lat' dir='ltr'>cum</span> <span class='ocrx_word' id='word_1_138' title='bbox 1048 2459 1243 2540; x_wconf 85' lang='lat' dir='ltr'>Vergilianis</span> <span class='ocrx_word' id='word_1_139' title='bbox 1266 2458 1467 2522; x_wconf 84' lang='lat' dir='ltr'>carminibus</span> <span class='ocrx_word' id='word_1_140' title='bbox 1506 2527 1521 2540; x_wconf 69' lang='lat'><em>„</em></span> <span class='ocrx_word' id='word_1_141' title='bbox 1614 2444 1623 2456; x_wconf 51' lang='lat'><em>⁶</em></span> 
     </span>
    </p>

    <p class='ocr_par' dir='ltr' id='par_1_8' title="bbox 289 2557 1531 2986">
     <span class='ocr_line' id='line_1_19' title="bbox 289 2557 1466 2651; baseline -0.003 -16"><span class='ocrx_word' id='word_1_142' title='bbox 289 2557 291 2563; x_wconf 36' lang='lat'>¹</span> <span class='ocrx_word' id='word_1_143' title='bbox 373 2571 586 2651; x_wconf 90' lang='lat' dir='ltr'>comparatis,</span> <span class='ocrx_word' id='word_1_144' title='bbox 611 2583 745 2633; x_wconf 90' lang='lat' dir='ltr'>conatus</span> <span class='ocrx_word' id='word_1_145' title='bbox 768 2583 816 2634; x_wconf 88' lang='lat' dir='ltr'>est</span> <span class='ocrx_word' id='word_1_146' title='bbox 839 2572 1061 2634; x_wconf 90' lang='lat' dir='ltr'>demonstrare</span> <span class='ocrx_word' id='word_1_147' title='bbox 1090 2572 1225 2634; x_wconf 81' lang='lat' dir='ltr'>Culicem</span> <span class='ocrx_word' id='word_1_148' title='bbox 1256 2591 1325 2632; x_wconf 88' lang='lat' dir='ltr'>esse</span> <span class='ocrx_word' id='word_1_149' title='bbox 1357 2569 1466 2647; x_wconf 80' lang='lat' dir='ltr'>nescio</span> 
     </span>
     <span class='ocr_line' id='line_1_20' title="bbox 373 2681 1503 2766; baseline -0.003 -21"><span class='ocrx_word' id='word_1_150' title='bbox 373 2683 424 2745; x_wconf 94' lang='lat' dir='ltr'>cui</span> <span class='ocrx_word' id='word_1_151' title='bbox 459 2694 572 2762; x_wconf 91' lang='lat' dir='ltr'>poetae</span> <span class='ocrx_word' id='word_1_152' title='bbox 595 2682 824 2756; x_wconf 90' lang='lat' dir='ltr'>tribuendum,</span> <span class='ocrx_word' id='word_1_153' title='bbox 850 2683 906 2763; x_wconf 91' lang='lat' dir='ltr'>qui</span> <span class='ocrx_word' id='word_1_154' title='bbox 930 2683 1066 2764; x_wconf 89' lang='lat' dir='ltr'>Vergilii</span> <span class='ocrx_word' id='word_1_155' title='bbox 1100 2682 1297 2745; x_wconf 88' lang='lat' dir='ltr'>carminibus</span> <span class='ocrx_word' id='word_1_156' title='bbox 1323 2681 1467 2763; x_wconf 56' lang='lat' dir='ltr'>⁴indigne</span> <span class='ocrx_word' id='word_1_157' title='bbox 1487 2719 1503 2766; x_wconf 80' lang='lat'>&#39;.</span> 
     </span>
     <span class='ocr_line' id='line_1_21' title="bbox 373 2780 920 2860; baseline 0 -4"><span class='ocrx_word' id='word_1_158' title='bbox 373 2817 451 2858; x_wconf 92' lang='lat' dir='ltr'>usus</span> <span class='ocrx_word' id='word_1_159' title='bbox 474 2806 566 2860; x_wconf 91' lang='lat' dir='ltr'>esset.</span> <span class='ocrx_word' id='word_1_160' title='bbox 916 2780 920 2785; x_wconf 33' lang='lat'>¹</span> 
     </span>
     <span class='ocr_line' id='line_1_22' title="bbox 436 2883 1465 2986; baseline -0.002 -19"><span class='ocrx_word' id='word_1_161' title='bbox 436 2883 438 2887; x_wconf 27' lang='lat'><strong><em>¹</em></strong></span> <span class='ocrx_word' id='word_1_162' title='bbox 460 2908 505 2968; x_wconf 87' lang='lat' dir='ltr'>At</span> <span class='ocrx_word' id='word_1_163' title='bbox 528 2906 679 2986; x_wconf 85' lang='lat' dir='ltr'>primum,</span> <span class='ocrx_word' id='word_1_164' title='bbox 702 2905 855 2985; x_wconf 87' lang='lat' dir='ltr'>quoniam</span> <span class='ocrx_word' id='word_1_165' title='bbox 880 2905 1070 2984; x_wconf 87' lang='lat' dir='ltr'>plerumque</span> <span class='ocrx_word' id='word_1_166' title='bbox 1086 2905 1214 2968; x_wconf 91' lang='lat' dir='ltr'>duobus</span> <span class='ocrx_word' id='word_1_167' title='bbox 1237 2916 1294 2967; x_wconf 92' lang='lat' dir='ltr'>aut</span> <span class='ocrx_word' id='word_1_168' title='bbox 1317 2905 1465 2984; x_wconf 92' lang='lat' dir='ltr'>pluribus</span> 
     </span>
    </p>

    <p class='ocr_par' dir='ltr' id='par_1_9' title="bbox 371 3012 1466 3535">
     <span class='ocr_line' id='line_1_23' title="bbox 373 3012 1465 3096; baseline -0.004 -19"><span class='ocrx_word' id='word_1_169' title='bbox 373 3016 475 3096; x_wconf 89' lang='lat' dir='ltr'>poetis</span> <span class='ocrx_word' id='word_1_170' title='bbox 499 3015 666 3094; x_wconf 89' lang='lat' dir='ltr'>contingit,</span> <span class='ocrx_word' id='word_1_171' title='bbox 691 3026 728 3079; x_wconf 91' lang='lat' dir='ltr'>ut</span> <span class='ocrx_word' id='word_1_172' title='bbox 750 3014 933 3093; x_wconf 80' lang='lat' dir='ltr'>argumenti</span> <span class='ocrx_word' id='word_1_173' title='bbox 957 3013 1135 3075; x_wconf 89' lang='lat' dir='ltr'>similitudo</span> <span class='ocrx_word' id='word_1_174' title='bbox 1160 3013 1322 3075; x_wconf 90' lang='lat' dir='ltr'>interdum</span> <span class='ocrx_word' id='word_1_175' title='bbox 1351 3012 1465 3074; x_wconf 90' lang='lat' dir='ltr'>eadem</span> 
     </span>
     <span class='ocr_line' id='line_1_24' title="bbox 372 3122 1466 3202; baseline -0.001 -18"><span class='ocrx_word' id='word_1_176' title='bbox 372 3127 469 3186; x_wconf 87' lang='lat' dir='ltr'>verba</span> <span class='ocrx_word' id='word_1_177' title='bbox 485 3125 526 3185; x_wconf 89' lang='lat' dir='ltr'>ab</span> <span class='ocrx_word' id='word_1_178' title='bbox 543 3124 581 3185; x_wconf 92' lang='lat' dir='ltr'>iis</span> <span class='ocrx_word' id='word_1_179' title='bbox 605 3122 755 3202; x_wconf 84' lang='lat' dir='ltr'>postulet,</span> <span class='ocrx_word' id='word_1_180' title='bbox 779 3123 821 3183; x_wconf 91' lang='lat' dir='ltr'>ob</span> <span class='ocrx_word' id='word_1_181' title='bbox 838 3122 871 3182; x_wconf 93' lang='lat' dir='ltr'>id</span> <span class='ocrx_word' id='word_1_182' title='bbox 889 3122 993 3201; x_wconf 91' lang='lat' dir='ltr'>ipsum</span> <span class='ocrx_word' id='word_1_183' title='bbox 1019 3122 1127 3183; x_wconf 91' lang='lat' dir='ltr'>mirari</span> <span class='ocrx_word' id='word_1_184' title='bbox 1152 3144 1215 3184; x_wconf 92' lang='lat' dir='ltr'>non</span> <span class='ocrx_word' id='word_1_185' title='bbox 1239 3122 1365 3194; x_wconf 86' lang='lat' dir='ltr'>licebat,</span> <span class='ocrx_word' id='word_1_186' title='bbox 1381 3143 1466 3202; x_wconf 89' lang='lat' dir='ltr'>quae</span> 
     </span>
     <span class='ocr_line' id='line_1_25' title="bbox 371 3233 1464 3315; baseline -0.005 -16"><span class='ocrx_word' id='word_1_187' title='bbox 371 3248 478 3299; x_wconf 88' lang='lat' dir='ltr'>essent</span> <span class='ocrx_word' id='word_1_188' title='bbox 500 3234 682 3297; x_wconf 89' lang='lat' dir='ltr'>consimiles</span> <span class='ocrx_word' id='word_1_189' title='bbox 705 3233 882 3295; x_wconf 91' lang='lat' dir='ltr'>locutiones</span> <span class='ocrx_word' id='word_1_190' title='bbox 904 3234 1152 3314; x_wconf 89' lang='lat' dir='ltr'>consimilesque</span> <span class='ocrx_word' id='word_1_191' title='bbox 1185 3234 1398 3315; x_wconf 88' lang='lat' dir='ltr'>cogitationes</span> <span class='ocrx_word' id='word_1_192' title='bbox 1431 3233 1464 3294; x_wconf 94' lang='lat' dir='ltr'>in</span> 
     </span>
     <span class='ocr_line' id='line_1_26' title="bbox 379 3344 1464 3425; baseline -0.001 -19"><span class='ocrx_word' id='word_1_193' title='bbox 379 3346 480 3406; x_wconf 78' lang='lat' dir='ltr'>Colice</span> <span class='ocrx_word' id='word_1_194' title='bbox 502 3356 599 3425; x_wconf 79' lang='lat' dir='ltr'>atque</span> <span class='ocrx_word' id='word_1_195' title='bbox 623 3344 655 3404; x_wconf 91' lang='lat' dir='ltr'>in</span> <span class='ocrx_word' id='word_1_196' title='bbox 680 3345 834 3404; x_wconf 81' lang='lat' dir='ltr'>Bucolicis</span> <span class='ocrx_word' id='word_1_197' title='bbox 867 3344 918 3404; x_wconf 89' lang='lat' dir='ltr'>vel</span> <span class='ocrx_word' id='word_1_198' title='bbox 960 3345 1143 3424; x_wconf 78' lang='lat' dir='ltr'>Georgicis;</span> <span class='ocrx_word' id='word_1_199' title='bbox 1168 3344 1354 3424; x_wconf 90' lang='lat' dir='ltr'>praesertim</span> <span class='ocrx_word' id='word_1_200' title='bbox 1390 3365 1464 3405; x_wconf 92' lang='lat' dir='ltr'>cum</span> 
     </span>
     <span class='ocr_line' id='line_1_27' title="bbox 372 3455 1384 3535; baseline -0.002 -18"><span class='ocrx_word' id='word_1_201' title='bbox 372 3456 438 3518; x_wconf 90' lang='lat' dir='ltr'>veri</span> <span class='ocrx_word' id='word_1_202' title='bbox 464 3455 568 3517; x_wconf 90' lang='lat' dir='ltr'>simile</span> <span class='ocrx_word' id='word_1_203' title='bbox 591 3466 684 3527; x_wconf 87' lang='lat' dir='ltr'>esset,</span> <span class='ocrx_word' id='word_1_204' title='bbox 709 3476 746 3515; x_wconf 86' lang='lat' dir='ltr'>ea</span> <span class='ocrx_word' id='word_1_205' title='bbox 769 3455 810 3515; x_wconf 93' lang='lat' dir='ltr'>ab</span> <span class='ocrx_word' id='word_1_206' title='bbox 835 3475 899 3516; x_wconf 90' lang='lat' dir='ltr'>uno</span> <span class='ocrx_word' id='word_1_207' title='bbox 923 3456 1102 3535; x_wconf 88' lang='lat' dir='ltr'>eodemque</span> <span class='ocrx_word' id='word_1_208' title='bbox 1126 3467 1220 3535; x_wconf 89' lang='lat' dir='ltr'>poeta</span> <span class='ocrx_word' id='word_1_209' title='bbox 1243 3455 1384 3517; x_wconf 87' lang='lat' dir='ltr'>fluxisse.</span> 
     </span>
    </p>

    <p class='ocr_par' dir='ltr' id='par_1_10' title="bbox 462 3567 1465 3648">
     <span class='ocr_line' id='line_1_28' title="bbox 462 3567 1465 3648; baseline 0.001 -20"><span class='ocrx_word' id='word_1_210' title='bbox 462 3568 588 3629; x_wconf 91' lang='lat' dir='ltr'>Deinde</span> <span class='ocrx_word' id='word_1_211' title='bbox 622 3567 801 3629; x_wconf 90' lang='lat' dir='ltr'>cavendum</span> <span class='ocrx_word' id='word_1_212' title='bbox 837 3578 913 3640; x_wconf 87' lang='lat' dir='ltr'>erat,</span> <span class='ocrx_word' id='word_1_213' title='bbox 940 3589 979 3630; x_wconf 91' lang='lat' dir='ltr'>ne</span> <span class='ocrx_word' id='word_1_214' title='bbox 1003 3569 1035 3631; x_wconf 93' lang='lat' dir='ltr'>in</span> <span class='ocrx_word' id='word_1_215' title='bbox 1059 3569 1330 3648; x_wconf 87' lang='lat' dir='ltr'>comparationem</span> <span class='ocrx_word' id='word_1_216' title='bbox 1367 3569 1465 3630; x_wconf 90' lang='lat' dir='ltr'>verba</span> 
     </span>
    </p>
   </div>
   <div class='ocr_carea' id='block_1_5' title="bbox 372 3774 531 3783">
    <p class='ocr_par' dir='ltr' id='par_1_11' title="bbox 372 3774 531 3783">
     <span class='ocr_line' id='line_1_29' title="bbox 372 3774 531 3783; baseline -0.019 0"><span class='ocrx_word' id='word_1_217' title='bbox 372 3774 531 3783; x_wconf 81' lang='lat'>¹—.-———-</span> 
     </span>
    </p>
   </div>
   <div class='ocr_carea' id='block_1_6' title="bbox 371 3901 1468 4154">
    <p class='ocr_par' dir='ltr' id='par_1_12' title="bbox 371 3901 1468 4154">
     <span class='ocr_line' id='line_1_30' title="bbox 443 3901 1468 3972; baseline 0.002 -19"><span class='ocrx_word' id='word_1_218' title='bbox 443 3901 482 3972; x_wconf 82' lang='lat'>(1)</span> <span class='ocrx_word' id='word_1_219' title='bbox 502 3901 545 3964; x_wconf 82' lang='lat' dir='ltr'>Cf,</span> <span class='ocrx_word' id='word_1_220' title='bbox 567 3901 595 3953; x_wconf 87' lang='lat' dir='ltr'>in</span> <span class='ocrx_word' id='word_1_221' title='bbox 610 3902 792 3966; x_wconf 63' lang='lat' dir='ltr'>Juln‘brlclzer·</span> <span class='ocrx_word' id='word_1_222' title='bbox 801 3901 862 3968; x_wconf 76' lang='lat' dir='ltr'>sitr</span> <span class='ocrx_word' id='word_1_223' title='bbox 879 3902 1040 3968; x_wconf 77' lang='lat' dir='ltr'>Philologr&#39;e</span> <span class='ocrx_word' id='word_1_224' title='bbox 1057 3902 1116 3954; x_wconf 81' lang='lat' dir='ltr'>und</span> <span class='ocrx_word' id='word_1_225' title='bbox 1132 3901 1300 3968; x_wconf 69' lang='lat' dir='ltr'>padagogo</span> <span class='ocrx_word' id='word_1_226' title='bbox 1318 3907 1373 3967; x_wconf 85' lang='lat'>&#39;93.</span> <span class='ocrx_word' id='word_1_227' title='bbox 1391 3921 1411 3956; x_wconf 66' lang='lat'>.‹</span> <span class='ocrx_word' id='word_1_228' title='bbox 1424 3903 1468 3955; x_wconf 77' lang='lat' dir='ltr'>[st</span> 
     </span>
     <span class='ocr_line' id='line_1_31' title="bbox 371 3985 1463 4061; baseline 0 -14"><span class='ocrx_word' id='word_1_229' title='bbox 371 3995 424 4048; x_wconf 80' lang='lat' dir='ltr'>der</span> <span class='ocrx_word' id='word_1_230' title='bbox 441 4011 493 4046; x_wconf 79' lang='lat' dir='ltr'>mes</span> <span class='ocrx_word' id='word_1_231' title='bbox 511 3994 693 4060; x_wconf 69' lang='lat' dir='ltr'>vberlieserte</span> <span class='ocrx_word' id='word_1_232' title='bbox 715 3995 806 4046; x_wconf 81' lang='lat' dir='ltr'>Culex</span> <span class='ocrx_word' id='word_1_233' title='bbox 831 3994 877 4047; x_wconf 83' lang='lat' dir='ltr'>ein</span> <span class='ocrx_word' id='word_1_234' title='bbox 896 3993 1121 4059; x_wconf 77' lang='lat' dir='ltr'>Jugengedr&#39;chte</span> <span class='ocrx_word' id='word_1_235' title='bbox 1143 3994 1192 4046; x_wconf 82' lang='lat' dir='ltr'>des</span> <span class='ocrx_word' id='word_1_236' title='bbox 1216 3985 1412 4060; x_wconf 48' lang='lat' dir='ltr'>Vergilius&amp;</span> <span class='ocrx_word' id='word_1_237' title='bbox 1434 4011 1463 4061; x_wconf 91' lang='lat' dir='ltr'>p.</span> 
     </span>
     <span class='ocr_line' id='line_1_32' title="bbox 372 4103 505 4154; baseline 0 0"><span class='ocrx_word' id='word_1_238' title='bbox 372 4103 422 4154; x_wconf 84' lang='lat'>357</span> <span class='ocrx_word' id='word_1_239' title='bbox 443 4104 505 4154; x_wconf 75' lang='lat' dir='ltr'>sqq·</span> 
     </span>
    </p>
   </div>
   <div class='ocr_carea' id='block_1_7' title="bbox 0 0 1696 5212">
    <p class='ocr_par' dir='ltr' id='par_1_13' title="bbox 0 0 1696 5212">
     <span class='ocr_line' id='line_1_33' title="bbox 0 0 1696 5212; baseline 0 0"><span class='ocrx_word' id='word_1_240' title='bbox 0 0 1696 5212; x_wconf 95' lang='lat' dir='ltr'> </span> 
     </span>
    </p>
   </div>
  </div>
 </body>
</html>
