<?xml version="1.0" encoding="UTF-8"?>
<!DOCTYPE html PUBLIC "-//W3C//DTD XHTML 1.0 Transitional//EN"
    "http://www.w3.org/TR/xhtml1/DTD/xhtml1-transitional.dtd">
<html xmlns="http://www.w3.org/1999/xhtml" xml:lang="en" lang="en">
 <head>
  <title>
</title>
<meta http-equiv="Content-Type" content="text/html;charset=utf-8" />
  <meta name='ocr-system' content='tesseract 3.04.00' />
  <meta name='ocr-capabilities' content='ocr_page ocr_carea ocr_par ocr_line ocrx_word'/>
</head>
<body>
  <div class='ocr_page' id='page_1' title='image "./deculicisauctor00vitrgoog_0045.png"; bbox 0 0 3384 5212; ppageno 0'>
   <div class='ocr_carea' id='block_1_1' title="bbox 784 566 926 638">
    <p class='ocr_par' dir='ltr' id='par_1_1' title="bbox 784 566 926 638">
     <span class='ocr_line' id='line_1_1' title="bbox 784 566 926 638; baseline 0.007 -26"><span class='ocrx_word' id='word_1_1' title='bbox 784 566 926 638; x_wconf 59' lang='lat'>...40-</span> 
     </span>
    </p>
   </div>
   <div class='ocr_carea' id='block_1_2' title="bbox 308 718 1406 793">
    <p class='ocr_par' dir='ltr' id='par_1_2' title="bbox 308 718 1406 793">
     <span class='ocr_line' id='line_1_2' title="bbox 308 718 1406 793; baseline -0.003 -10"><span class='ocrx_word' id='word_1_2' title='bbox 308 722 386 784; x_wconf 90' lang='lat' dir='ltr'>alias</span> <span class='ocrx_word' id='word_1_3' title='bbox 421 742 491 784; x_wconf 89' lang='lat' dir='ltr'>esse</span> <span class='ocrx_word' id='word_1_4' title='bbox 526 742 660 793; x_wconf 86' lang='lat' dir='ltr'>annuas,</span> <span class='ocrx_word' id='word_1_5' title='bbox 684 719 763 782; x_wconf 90' lang='lat' dir='ltr'>alias</span> <span class='ocrx_word' id='word_1_6' title='bbox 798 720 978 791; x_wconf 89' lang='lat' dir='ltr'>diuturnas;</span> <span class='ocrx_word' id='word_1_7' title='bbox 1006 718 1065 781; x_wconf 91' lang='lat' dir='ltr'>has</span> <span class='ocrx_word' id='word_1_8' title='bbox 1099 720 1160 781; x_wconf 91' lang='lat' dir='ltr'>sub</span> <span class='ocrx_word' id='word_1_9' title='bbox 1195 718 1271 781; x_wconf 90' lang='lat' dir='ltr'>solis</span> <span class='ocrx_word' id='word_1_10' title='bbox 1306 719 1406 781; x_wconf 90' lang='lat' dir='ltr'>radiis</span> 
     </span>
    </p>
   </div>
   <div class='ocr_carea' id='block_1_3' title="bbox 307 832 1406 1130">
    <p class='ocr_par' dir='ltr' id='par_1_3' title="bbox 307 832 1406 1130">
     <span class='ocr_line' id='line_1_3' title="bbox 307 832 1262 906; baseline -0.003 -10"><span class='ocrx_word' id='word_1_11' title='bbox 307 836 430 897; x_wconf 89' lang='lat' dir='ltr'>diutius</span> <span class='ocrx_word' id='word_1_12' title='bbox 453 836 619 906; x_wconf 80' lang='lat' dir='ltr'>virescere,</span> <span class='ocrx_word' id='word_1_13' title='bbox 645 834 714 896; x_wconf 86' lang='lat' dir='ltr'>illas</span> <span class='ocrx_word' id='word_1_14' title='bbox 738 833 862 896; x_wconf 85' lang='lat' dir='ltr'>facilius</span> <span class='ocrx_word' id='word_1_15' title='bbox 885 834 1057 895; x_wconf 82' lang='lat' dir='ltr'>flavescere</span> <span class='ocrx_word' id='word_1_16' title='bbox 1078 854 1116 895; x_wconf 88' lang='lat' dir='ltr'>ac</span> <span class='ocrx_word' id='word_1_17' title='bbox 1140 832 1262 896; x_wconf 89' lang='lat' dir='ltr'>torreri.</span> 
     </span>
     <span class='ocr_line' id='line_1_4' title="bbox 397 933 1405 1028; baseline -0.005 -21"><span class='ocrx_word' id='word_1_18' title='bbox 397 947 627 1028; x_wconf 81' lang='lat' dir='ltr'><strong>Quamobrem,</strong></span> <span class='ocrx_word' id='word_1_19' title='bbox 645 956 681 1005; x_wconf 91' lang='lat' dir='ltr'>ut</span> <span class='ocrx_word' id='word_1_20' title='bbox 696 944 800 1006; x_wconf 85' lang='lat' dir='ltr'>doctis</span> <span class='ocrx_word' id='word_1_21' title='bbox 814 943 978 1006; x_wconf 88' lang='lat' dir='ltr'>adsentior</span> <span class='ocrx_word' id='word_1_22' title='bbox 989 933 1251 1006; x_wconf 58' lang='lat' dir='ltr'>existimantiffds</span> <span class='ocrx_word' id='word_1_23' title='bbox 1263 942 1405 1005; x_wconf 90' lang='lat' dir='ltr'>torridas</span> 
     </span>
     <span class='ocr_line' id='line_1_5' title="bbox 309 1049 1406 1130; baseline -0.004 -15"><span class='ocrx_word' id='word_1_24' title='bbox 309 1055 423 1116; x_wconf 85' lang='lat' dir='ltr'>herbas</span> <span class='ocrx_word' id='word_1_25' title='bbox 446 1053 571 1115; x_wconf 82' lang='lat' dir='ltr'>facilius</span> <span class='ocrx_word' id='word_1_26' title='bbox 606 1053 639 1112; x_wconf 94' lang='lat' dir='ltr'>in</span> <span class='ocrx_word' id='word_1_27' title='bbox 669 1051 837 1113; x_wconf 88' lang='lat' dir='ltr'>montibus</span> <span class='ocrx_word' id='word_1_28' title='bbox 860 1051 1001 1130; x_wconf 86' lang='lat' dir='ltr'>reperiri,</span> <span class='ocrx_word' id='word_1_29' title='bbox 1028 1051 1072 1112; x_wconf 87' lang='lat' dir='ltr'>ita</span> <span class='ocrx_word' id='word_1_30' title='bbox 1094 1052 1137 1112; x_wconf 90' lang='lat' dir='ltr'>ab</span> <span class='ocrx_word' id='word_1_31' title='bbox 1160 1050 1199 1113; x_wconf 92' lang='lat' dir='ltr'>iis</span> <span class='ocrx_word' id='word_1_32' title='bbox 1222 1050 1319 1130; x_wconf 86' lang='lat' dir='ltr'>longe</span> <span class='ocrx_word' id='word_1_33' title='bbox 1342 1049 1406 1111; x_wconf 91' lang='lat' dir='ltr'>dis—</span> 
     </span>
    </p>
   </div>
   <div class='ocr_carea' id='block_1_4' title="bbox 307 1169 1408 2356">
    <p class='ocr_par' dir='ltr' id='par_1_4' title="bbox 307 1169 1405 1581">
     <span class='ocr_line' id='line_1_6' title="bbox 308 1169 1403 1251; baseline -0.005 -17"><span class='ocrx_word' id='word_1_34' title='bbox 308 1173 408 1242; x_wconf 85' lang='lat' dir='ltr'>cedo,</span> <span class='ocrx_word' id='word_1_35' title='bbox 433 1193 506 1233; x_wconf 91' lang='lat' dir='ltr'>cum</span> <span class='ocrx_word' id='word_1_36' title='bbox 536 1181 656 1251; x_wconf 85' lang='lat' dir='ltr'>negant</span> <span class='ocrx_word' id='word_1_37' title='bbox 685 1170 799 1232; x_wconf 68' lang='lat' dir='ltr'>Culicis</span> <span class='ocrx_word' id='word_1_38' title='bbox 833 1181 961 1249; x_wconf 89' lang='lat' dir='ltr'>poetam</span> <span class='ocrx_word' id='word_1_39' title='bbox 995 1169 1170 1231; x_wconf 86' lang='lat' dir='ltr'>viriditatis</span> <span class='ocrx_word' id='word_1_40' title='bbox 1205 1169 1403 1230; x_wconf 86' lang='lat' dir='ltr'>mentionem</span> 
     </span>
     <span class='ocr_line' id='line_1_7' title="bbox 307 1280 1405 1361; baseline -0.005 -16"><span class='ocrx_word' id='word_1_41' title='bbox 307 1286 410 1345; x_wconf 87' lang='lat' dir='ltr'>facere</span> <span class='ocrx_word' id='word_1_42' title='bbox 433 1283 585 1361; x_wconf 89' lang='lat' dir='ltr'>potiusse;</span> <span class='ocrx_word' id='word_1_43' title='bbox 611 1281 672 1342; x_wconf 91' lang='lat' dir='ltr'>nisi</span> <span class='ocrx_word' id='word_1_44' title='bbox 707 1281 788 1343; x_wconf 88' lang='lat' dir='ltr'>forte</span> <span class='ocrx_word' id='word_1_45' title='bbox 823 1280 877 1341; x_wconf 86' lang='lat' dir='ltr'>ubi</span> <span class='ocrx_word' id='word_1_46' title='bbox 913 1280 994 1342; x_wconf 85' lang='lat' dir='ltr'>salix</span> <span class='ocrx_word' id='word_1_47' title='bbox 1018 1291 1050 1342; x_wconf 91' lang='lat' dir='ltr'>et</span> <span class='ocrx_word' id='word_1_48' title='bbox 1072 1280 1166 1343; x_wconf 86' lang='lat' dir='ltr'>alnus</span> <span class='ocrx_word' id='word_1_49' title='bbox 1194 1290 1405 1360; x_wconf 86' lang='lat' dir='ltr'>procreantur</span> 
     </span>
     <span class='ocr_line' id='line_1_8' title="bbox 309 1391 1405 1475; baseline -0.003 -20"><span class='ocrx_word' id='word_1_50' title='bbox 309 1400 350 1475; x_wconf 87' lang='lat' dir='ltr'>(v.</span> <span class='ocrx_word' id='word_1_51' title='bbox 377 1396 440 1474; x_wconf 83' lang='lat'>55),</span> <span class='ocrx_word' id='word_1_52' title='bbox 455 1393 509 1453; x_wconf 91' lang='lat' dir='ltr'>ubi</span> <span class='ocrx_word' id='word_1_53' title='bbox 527 1413 591 1454; x_wconf 89' lang='lat' dir='ltr'>non</span> <span class='ocrx_word' id='word_1_54' title='bbox 608 1403 657 1454; x_wconf 90' lang='lat' dir='ltr'>est</span> <span class='ocrx_word' id='word_1_55' title='bbox 673 1391 808 1471; x_wconf 86' lang='lat' dir='ltr'>penuria</span> <span class='ocrx_word' id='word_1_56' title='bbox 826 1411 984 1471; x_wconf 87' lang='lat' dir='ltr'>aquarum</span> <span class='ocrx_word' id='word_1_57' title='bbox 1002 1396 1066 1473; x_wconf 87' lang='lat' dir='ltr'>(vv.</span> <span class='ocrx_word' id='word_1_58' title='bbox 1086 1409 1138 1470; x_wconf 83' lang='lat'>57,</span> <span class='ocrx_word' id='word_1_59' title='bbox 1160 1394 1246 1473; x_wconf 86' lang='lat'>105),</span> <span class='ocrx_word' id='word_1_60' title='bbox 1262 1391 1405 1454; x_wconf 87' lang='lat' dir='ltr'>virentes</span> 
     </span>
     <span class='ocr_line' id='line_1_9' title="bbox 309 1502 887 1581; baseline 0.002 -16"><span class='ocrx_word' id='word_1_61' title='bbox 309 1505 427 1566; x_wconf 86' lang='lat' dir='ltr'>herbae</span> <span class='ocrx_word' id='word_1_62' title='bbox 450 1503 584 1565; x_wconf 92' lang='lat' dir='ltr'>omnino</span> <span class='ocrx_word' id='word_1_63' title='bbox 608 1502 718 1564; x_wconf 88' lang='lat' dir='ltr'>deesse</span> <span class='ocrx_word' id='word_1_64' title='bbox 742 1512 887 1581; x_wconf 90' lang='lat' dir='ltr'>possunt.</span> 
     </span>
    </p>

    <p class='ocr_par' dir='ltr' id='par_1_5' title="bbox 311 1611 1404 1806">
     <span class='ocr_line' id='line_1_10' title="bbox 398 1611 1404 1694; baseline -0.003 -20"><span class='ocrx_word' id='word_1_65' title='bbox 398 1614 487 1694; x_wconf 80' lang='lat' dir='ltr'>Quid</span> <span class='ocrx_word' id='word_1_66' title='bbox 518 1615 620 1693; x_wconf 88' lang='lat' dir='ltr'>plura,</span> <span class='ocrx_word' id='word_1_67' title='bbox 645 1613 671 1675; x_wconf 88' lang='lat' dir='ltr'>si</span> <span class='ocrx_word' id='word_1_68' title='bbox 706 1614 852 1675; x_wconf 85' lang='lat' dir='ltr'>versibus</span> <span class='ocrx_word' id='word_1_69' title='bbox 886 1619 957 1687; x_wconf 89' lang='lat'>106,</span> <span class='ocrx_word' id='word_1_70' title='bbox 987 1632 1047 1689; x_wconf 89' lang='lat'>109</span> <span class='ocrx_word' id='word_1_71' title='bbox 1082 1613 1151 1694; x_wconf 86' lang='lat' dir='ltr'>ipse</span> <span class='ocrx_word' id='word_1_72' title='bbox 1185 1624 1279 1694; x_wconf 91' lang='lat' dir='ltr'>poeta</span> <span class='ocrx_word' id='word_1_73' title='bbox 1306 1611 1404 1674; x_wconf 88' lang='lat' dir='ltr'>etiam</span> 
     </span>
     <span class='ocr_line' id='line_1_11' title="bbox 311 1724 729 1806; baseline -0.002 -21"><span class='ocrx_word' id='word_1_74' title='bbox 311 1725 456 1806; x_wconf 90' lang='lat' dir='ltr'>loquitur</span> <span class='ocrx_word' id='word_1_75' title='bbox 479 1724 520 1786; x_wconf 91' lang='lat' dir='ltr'>de</span> <span class='ocrx_word' id='word_1_76' title='bbox 543 1724 729 1786; x_wconf 87' lang='lat' dir='ltr'>viriditate?</span> 
     </span>
    </p>

    <p class='ocr_par' dir='ltr' id='par_1_6' title="bbox 309 1836 1408 2356">
     <span class='ocr_line' id='line_1_12' title="bbox 398 1836 1407 1917; baseline 0 -20"><span class='ocrx_word' id='word_1_77' title='bbox 398 1837 444 1897; x_wconf 91' lang='lat' dir='ltr'>At</span> <span class='ocrx_word' id='word_1_78' title='bbox 465 1836 554 1897; x_wconf 91' lang='lat' dir='ltr'>aliud</span> <span class='ocrx_word' id='word_1_79' title='bbox 577 1857 708 1915; x_wconf 93' lang='lat' dir='ltr'>quoque</span> <span class='ocrx_word' id='word_1_80' title='bbox 731 1837 926 1898; x_wconf 90' lang='lat' dir='ltr'>obiecerunt.</span> <span class='ocrx_word' id='word_1_81' title='bbox 952 1838 1136 1917; x_wconf 78' lang='lat' dir='ltr'>Quomodo,</span> <span class='ocrx_word' id='word_1_82' title='bbox 1162 1849 1335 1900; x_wconf 86' lang='lat' dir='ltr'>montanae</span> <span class='ocrx_word' id='word_1_83' title='bbox 1358 1858 1407 1898; x_wconf 91' lang='lat' dir='ltr'>ca-</span> 
     </span>
     <span class='ocr_line' id='line_1_13' title="bbox 311 1948 1408 2030; baseline 0.005 -24"><span class='ocrx_word' id='word_1_84' title='bbox 311 1967 407 2024; x_wconf 87' lang='lat' dir='ltr'>prae,</span> <span class='ocrx_word' id='word_1_85' title='bbox 433 1959 468 2010; x_wconf 94' lang='lat' dir='ltr'>ut</span> <span class='ocrx_word' id='word_1_86' title='bbox 503 1969 587 2027; x_wconf 91' lang='lat' dir='ltr'>quae</span> <span class='ocrx_word' id='word_1_87' title='bbox 622 1948 729 2009; x_wconf 89' lang='lat' dir='ltr'>cibum</span> <span class='ocrx_word' id='word_1_88' title='bbox 765 1951 991 2011; x_wconf 86' lang='lat' dir='ltr'>tantummodo</span> <span class='ocrx_word' id='word_1_89' title='bbox 1026 1951 1209 2030; x_wconf 86' lang='lat' dir='ltr'>decerpant,</span> <span class='ocrx_word' id='word_1_90' title='bbox 1235 1950 1267 2011; x_wconf 92' lang='lat' dir='ltr'>in</span> <span class='ocrx_word' id='word_1_91' title='bbox 1305 1950 1408 2012; x_wconf 85' lang='lat' dir='ltr'>Culice</span> 
     </span>
     <span class='ocr_line' id='line_1_14' title="bbox 310 2057 1407 2142; baseline 0.004 -25"><span class='ocrx_word' id='word_1_92' title='bbox 310 2057 425 2119; x_wconf 86' lang='lat' dir='ltr'>herbas</span> <span class='ocrx_word' id='word_1_93' title='bbox 450 2059 586 2119; x_wconf 89' lang='lat' dir='ltr'>tondent</span> <span class='ocrx_word' id='word_1_94' title='bbox 609 2069 719 2119; x_wconf 88' lang='lat' dir='ltr'>tenero</span> <span class='ocrx_word' id='word_1_95' title='bbox 743 2060 873 2120; x_wconf 87' lang='lat' dir='ltr'>morsu?</span> <span class='ocrx_word' id='word_1_96' title='bbox 899 2061 971 2122; x_wconf 92' lang='lat' dir='ltr'>Hoc</span> <span class='ocrx_word' id='word_1_97' title='bbox 994 2071 1079 2122; x_wconf 90' lang='lat' dir='ltr'>certe</span> <span class='ocrx_word' id='word_1_98' title='bbox 1103 2082 1167 2122; x_wconf 92' lang='lat' dir='ltr'>non</span> <span class='ocrx_word' id='word_1_99' title='bbox 1191 2061 1275 2123; x_wconf 84' lang='lat' dir='ltr'>dixit</span> <span class='ocrx_word' id='word_1_100' title='bbox 1294 2061 1407 2142; x_wconf 82' lang='lat' dir='ltr'>Vergi-</span> 
     </span>
     <span class='ocr_line' id='line_1_15' title="bbox 309 2165 1407 2248; baseline 0.003 -23"><span class='ocrx_word' id='word_1_101' title='bbox 309 2165 382 2237; x_wconf 87' lang='lat' dir='ltr'>lius;</span> <span class='ocrx_word' id='word_1_102' title='bbox 406 2166 472 2245; x_wconf 91' lang='lat' dir='ltr'>qui,</span> <span class='ocrx_word' id='word_1_103' title='bbox 497 2167 651 2246; x_wconf 90' lang='lat' dir='ltr'>quoniam</span> <span class='ocrx_word' id='word_1_104' title='bbox 675 2187 801 2246; x_wconf 85' lang='lat' dir='ltr'>semper</span> <span class='ocrx_word' id='word_1_105' title='bbox 826 2179 973 2230; x_wconf 90' lang='lat' dir='ltr'>naturam</span> <span class='ocrx_word' id='word_1_106' title='bbox 1003 2189 1108 2230; x_wconf 90' lang='lat' dir='ltr'>rerum</span> <span class='ocrx_word' id='word_1_107' title='bbox 1132 2180 1165 2232; x_wconf 90' lang='lat' dir='ltr'>et</span> <span class='ocrx_word' id='word_1_108' title='bbox 1189 2169 1291 2248; x_wconf 88' lang='lat' dir='ltr'>ipsam</span> <span class='ocrx_word' id='word_1_109' title='bbox 1325 2167 1407 2231; x_wconf 89' lang='lat' dir='ltr'>veri-</span> 
     </span>
     <span class='ocr_line' id='line_1_16' title="bbox 310 2275 1407 2356; baseline 0.002 -20"><span class='ocrx_word' id='word_1_110' title='bbox 310 2288 408 2337; x_wconf 90' lang='lat' dir='ltr'>tatem</span> <span class='ocrx_word' id='word_1_111' title='bbox 432 2275 611 2353; x_wconf 91' lang='lat' dir='ltr'>descripsit,</span> <span class='ocrx_word' id='word_1_112' title='bbox 637 2276 698 2336; x_wconf 91' lang='lat' dir='ltr'>hoc</span> <span class='ocrx_word' id='word_1_113' title='bbox 728 2275 853 2347; x_wconf 74' lang='lat' dir='ltr'>ovibus</span> <span class='ocrx_word' id='word_1_114' title='bbox 879 2296 943 2337; x_wconf 92' lang='lat' dir='ltr'>non</span> <span class='ocrx_word' id='word_1_115' title='bbox 978 2277 1082 2356; x_wconf 89' lang='lat' dir='ltr'>capris</span> <span class='ocrx_word' id='word_1_116' title='bbox 1117 2277 1290 2341; x_wconf 87' lang='lat' dir='ltr'>tribuisset.</span> <span class='ocrx_word' id='word_1_117' title='bbox 1316 2278 1407 2338; x_wconf 85' lang='lat' dir='ltr'>Haec</span> 
     </span>
    </p>
   </div>
   <div class='ocr_carea' id='block_1_5' title="bbox 311 2385 651 2447">
    <p class='ocr_par' dir='ltr' id='par_1_7' title="bbox 311 2385 651 2447">
     <span class='ocr_line' id='line_1_17' title="bbox 311 2385 651 2447; baseline -0.003 0"><span class='ocrx_word' id='word_1_118' title='bbox 311 2385 554 2447; x_wconf 87' lang='lat' dir='ltr'>Hildebrandtii</span> <span class='ocrx_word' id='word_1_119' title='bbox 578 2386 651 2446; x_wconf 85' lang='lat' dir='ltr'>sere.</span> 
     </span>
    </p>
   </div>
   <div class='ocr_carea' id='block_1_6' title="bbox 245 2500 1413 4124">
    <p class='ocr_par' dir='ltr' id='par_1_8' title="bbox 245 2500 1410 3588">
     <span class='ocr_line' id='line_1_18' title="bbox 400 2500 1406 2582; baseline 0.005 -22"><span class='ocrx_word' id='word_1_120' title='bbox 400 2500 570 2581; x_wconf 82' lang='lat' dir='ltr'>Equidem,</span> <span class='ocrx_word' id='word_1_121' title='bbox 584 2500 737 2580; x_wconf 92' lang='lat' dir='ltr'>quoniam</span> <span class='ocrx_word' id='word_1_122' title='bbox 754 2501 901 2580; x_wconf 87' lang='lat' dir='ltr'>capellas,</span> <span class='ocrx_word' id='word_1_123' title='bbox 920 2522 984 2563; x_wconf 89' lang='lat' dir='ltr'>non</span> <span class='ocrx_word' id='word_1_124' title='bbox 998 2522 1119 2581; x_wconf 71' lang='lat' dir='ltr'>capras</span> <span class='ocrx_word' id='word_1_125' title='bbox 1134 2514 1228 2582; x_wconf 89' lang='lat' dir='ltr'>poeta</span> <span class='ocrx_word' id='word_1_126' title='bbox 1241 2502 1406 2575; x_wconf 85' lang='lat' dir='ltr'>describit,</span> 
     </span>
     <span class='ocr_line' id='line_1_19' title="bbox 311 2609 1409 2690; baseline 0.002 -20"><span class='ocrx_word' id='word_1_127' title='bbox 311 2609 362 2690; x_wconf 85' lang='lat' dir='ltr'>(cs.</span> <span class='ocrx_word' id='word_1_128' title='bbox 388 2630 440 2670; x_wconf 92' lang='lat' dir='ltr'>vv.</span> <span class='ocrx_word' id='word_1_129' title='bbox 466 2628 518 2687; x_wconf 85' lang='lat'>45,</span> <span class='ocrx_word' id='word_1_130' title='bbox 545 2615 596 2687; x_wconf 82' lang='lat'>76,</span> <span class='ocrx_word' id='word_1_131' title='bbox 627 2630 697 2687; x_wconf 85' lang='lat'>104,</span> <span class='ocrx_word' id='word_1_132' title='bbox 727 2614 810 2688; x_wconf 89' lang='grc'>154),</span> <span class='ocrx_word' id='word_1_133' title='bbox 835 2631 918 2689; x_wconf 91' lang='lat' dir='ltr'>quae</span> <span class='ocrx_word' id='word_1_134' title='bbox 943 2631 1038 2671; x_wconf 88' lang='lat' dir='ltr'>causa</span> <span class='ocrx_word' id='word_1_135' title='bbox 1062 2611 1114 2688; x_wconf 86' lang='lat' dir='ltr'>sit,</span> <span class='ocrx_word' id='word_1_136' title='bbox 1143 2630 1201 2672; x_wconf 88' lang='lat' dir='ltr'>cur</span> <span class='ocrx_word' id='word_1_137' title='bbox 1224 2610 1304 2671; x_wconf 91' lang='lat' dir='ltr'>illud</span> <span class='ocrx_word' id='word_1_138' title='bbox 1331 2620 1409 2672; x_wconf 82' lang='lat' dir='ltr'>‹te-</span> 
     </span>
     <span class='ocr_line' id='line_1_20' title="bbox 311 2722 1408 2794; baseline -0.002 -10"><span class='ocrx_word' id='word_1_139' title='bbox 311 2744 389 2784; x_wconf 86' lang='lat' dir='ltr'>nero</span> <span class='ocrx_word' id='word_1_140' title='bbox 413 2743 553 2783; x_wconf 83' lang='lat' dir='ltr'>morsu»</span> <span class='ocrx_word' id='word_1_141' title='bbox 580 2723 713 2784; x_wconf 90' lang='lat' dir='ltr'>omnino</span> <span class='ocrx_word' id='word_1_142' title='bbox 737 2723 852 2783; x_wconf 86' lang='lat' dir='ltr'>falsum</span> <span class='ocrx_word' id='word_1_143' title='bbox 877 2723 1088 2794; x_wconf 84' lang='lat' dir='ltr'>existimetur,</span> <span class='ocrx_word' id='word_1_144' title='bbox 1121 2722 1209 2783; x_wconf 91' lang='lat' dir='ltr'>haud</span> <span class='ocrx_word' id='word_1_145' title='bbox 1237 2722 1330 2786; x_wconf 85' lang='lat' dir='ltr'>facile</span> <span class='ocrx_word' id='word_1_146' title='bbox 1362 2722 1408 2782; x_wconf 91' lang='lat' dir='ltr'>in·</span> 
     </span>
     <span class='ocr_line' id='line_1_21' title="bbox 311 2831 1410 2915; baseline -0.002 -20"><span class='ocrx_word' id='word_1_147' title='bbox 311 2835 437 2915; x_wconf 88' lang='lat' dir='ltr'>telleg0.</span> <span class='ocrx_word' id='word_1_148' title='bbox 463 2836 578 2914; x_wconf 88' lang='lat' dir='ltr'>Neque</span> <span class='ocrx_word' id='word_1_149' title='bbox 602 2834 704 2913; x_wconf 87' lang='lat' dir='ltr'>magis</span> <span class='ocrx_word' id='word_1_150' title='bbox 728 2833 892 2894; x_wconf 88' lang='lat' dir='ltr'>adsentior</span> <span class='ocrx_word' id='word_1_151' title='bbox 920 2831 1181 2904; x_wconf 82' lang='lat' dir='ltr'>Hildebrandtio,</span> <span class='ocrx_word' id='word_1_152' title='bbox 1207 2854 1280 2894; x_wconf 90' lang='lat' dir='ltr'>cum</span> <span class='ocrx_word' id='word_1_153' title='bbox 1304 2832 1332 2893; x_wconf 92' lang='lat' dir='ltr'>is</span> <span class='ocrx_word' id='word_1_154' title='bbox 1354 2852 1410 2894; x_wconf 90' lang='lat' dir='ltr'>vo·</span> 
     </span>
     <span class='ocr_line' id='line_1_22' title="bbox 310 2944 1408 3025; baseline -0.001 -19"><span class='ocrx_word' id='word_1_155' title='bbox 310 2967 376 3007; x_wconf 90' lang='lat' dir='ltr'>cem</span> <span class='ocrx_word' id='word_1_156' title='bbox 403 2946 558 3006; x_wconf 90' lang='lat' dir='ltr'>tondendi</span> <span class='ocrx_word' id='word_1_157' title='bbox 583 2946 668 3007; x_wconf 91' lang='lat' dir='ltr'>idem</span> <span class='ocrx_word' id='word_1_158' title='bbox 693 2946 875 3025; x_wconf 86' lang='lat' dir='ltr'>significare</span> <span class='ocrx_word' id='word_1_159' title='bbox 897 2956 995 3024; x_wconf 91' lang='lat' dir='ltr'>atque</span> <span class='ocrx_word' id='word_1_160' title='bbox 1019 2944 1173 3006; x_wconf 89' lang='lat' dir='ltr'>caedendi</span> <span class='ocrx_word' id='word_1_161' title='bbox 1197 2946 1249 3007; x_wconf 91' lang='lat' dir='ltr'>vel</span> <span class='ocrx_word' id='word_1_162' title='bbox 1273 2944 1408 3006; x_wconf 86' lang='lat' dir='ltr'>radendi</span> 
     </span>
     <span class='ocr_line' id='line_1_23' title="bbox 310 3055 1408 3136; baseline -0.003 -18"><span class='ocrx_word' id='word_1_163' title='bbox 310 3079 404 3119; x_wconf 88' lang='lat' dir='ltr'>voces</span> <span class='ocrx_word' id='word_1_164' title='bbox 428 3058 602 3118; x_wconf 85' lang='lat' dir='ltr'>arbitratur</span> <span class='ocrx_word' id='word_1_165' title='bbox 626 3064 669 3135; x_wconf 89' lang='lat' dir='ltr'>(p.</span> <span class='ocrx_word' id='word_1_166' title='bbox 696 3059 773 3134; x_wconf 84' lang='grc'>45);</span> <span class='ocrx_word' id='word_1_167' title='bbox 798 3056 958 3135; x_wconf 89' lang='lat' dir='ltr'>siquidem</span> <span class='ocrx_word' id='word_1_168' title='bbox 983 3056 1071 3135; x_wconf 91' lang='lat' dir='ltr'>apud</span> <span class='ocrx_word' id='word_1_169' title='bbox 1095 3055 1277 3136; x_wconf 86' lang='lat' dir='ltr'>Vergilium</span> <span class='ocrx_word' id='word_1_170' title='bbox 1305 3079 1323 3114; x_wconf 79' lang='lat' dir='ltr'>&lt;r</span> <span class='ocrx_word' id='word_1_171' title='bbox 1339 3065 1408 3117; x_wconf 90' lang='lat' dir='ltr'>ton-</span> 
     </span>
     <span class='ocr_line' id='line_1_24' title="bbox 310 3170 1406 3253; baseline -0.001 -23"><span class='ocrx_word' id='word_1_172' title='bbox 310 3171 418 3231; x_wconf 91' lang='lat' dir='ltr'>dere»</span> <span class='ocrx_word' id='word_1_173' title='bbox 446 3170 507 3231; x_wconf 91' lang='lat' dir='ltr'>alia</span> <span class='ocrx_word' id='word_1_174' title='bbox 532 3170 624 3249; x_wconf 90' lang='lat' dir='ltr'>plura</span> <span class='ocrx_word' id='word_1_175' title='bbox 648 3170 809 3250; x_wconf 81' lang='lat' dir='ltr'>significat</span> <span class='ocrx_word' id='word_1_176' title='bbox 833 3170 881 3250; x_wconf 84' lang='lat' dir='ltr'>(cf.</span> <span class='ocrx_word' id='word_1_177' title='bbox 909 3170 1047 3253; x_wconf 86' lang='lat' dir='ltr'>[praeter</span> <span class='ocrx_word' id='word_1_178' title='bbox 1081 3171 1197 3250; x_wconf 82' lang='lat' dir='ltr'>Georg.</span> <span class='ocrx_word' id='word_1_179' title='bbox 1225 3171 1248 3249; x_wconf 85' lang='lat' dir='ltr'>l,</span> <span class='ocrx_word' id='word_1_180' title='bbox 1277 3188 1325 3246; x_wconf 89' lang='lat'>15;</span> <span class='ocrx_word' id='word_1_181' title='bbox 1351 3170 1406 3240; x_wconf 88' lang='lat' dir='ltr'>IV,</span> 
     </span>
     <span class='ocr_line' id='line_1_25' title="bbox 315 3280 1408 3362; baseline -0.001 -21"><span class='ocrx_word' id='word_1_182' title='bbox 315 3301 374 3358; x_wconf 83' lang='lat'>137</span> <span class='ocrx_word' id='word_1_183' title='bbox 393 3301 400 3353; x_wconf 90' lang='grc'><strong>;</strong></span> <span class='ocrx_word' id='word_1_184' title='bbox 425 3283 503 3346; x_wconf 84' lang='lat' dir='ltr'>Aen.</span> <span class='ocrx_word' id='word_1_185' title='bbox 530 3282 585 3353; x_wconf 91' lang='grc' dir='ltr'>ΙΙΙ,</span> <span class='ocrx_word' id='word_1_186' title='bbox 614 3288 686 3359; x_wconf 84' lang='lat'>538,</span> <span class='ocrx_word' id='word_1_187' title='bbox 705 3303 786 3362; x_wconf 88' lang='lat' dir='ltr'>quos</span> <span class='ocrx_word' id='word_1_188' title='bbox 803 3282 935 3361; x_wconf 89' lang='lat' dir='ltr'>quidem</span> <span class='ocrx_word' id='word_1_189' title='bbox 953 3281 1040 3344; x_wconf 90' lang='lat' dir='ltr'>locos</span> <span class='ocrx_word' id='word_1_190' title='bbox 1058 3280 1327 3344; x_wconf 88' lang='lat' dir='ltr'>Hildebrandtius</span> <span class='ocrx_word' id='word_1_191' title='bbox 1343 3280 1408 3340; x_wconf 90' lang='lat' dir='ltr'>iarn</span> 
     </span>
     <span class='ocr_line' id='line_1_26' title="bbox 313 3391 1408 3475; baseline -0.001 -22"><span class='ocrx_word' id='word_1_192' title='bbox 313 3392 514 3475; x_wconf 82' lang='lat' dir='ltr'>memoravit]</span> <span class='ocrx_word' id='word_1_193' title='bbox 540 3393 636 3453; x_wconf 89' lang='lat' dir='ltr'>etiam</span> <span class='ocrx_word' id='word_1_194' title='bbox 661 3396 740 3457; x_wconf 85' lang='lat' dir='ltr'>Aen.</span> <span class='ocrx_word' id='word_1_195' title='bbox 766 3395 820 3465; x_wconf 89' lang='lat' dir='ltr'>VI,</span> <span class='ocrx_word' id='word_1_196' title='bbox 848 3399 929 3470; x_wconf 88' lang='lat'><strong>598:</strong></span> <span class='ocrx_word' id='word_1_197' title='bbox 956 3393 1137 3455; x_wconf 90' lang='lat' dir='ltr'>immortale</span> <span class='ocrx_word' id='word_1_198' title='bbox 1160 3393 1248 3455; x_wconf 90' lang='lat' dir='ltr'>iecur</span> <span class='ocrx_word' id='word_1_199' title='bbox 1270 3391 1408 3453; x_wconf 89' lang='lat' dir='ltr'>tondens</span> 
     </span>
     <span class='ocr_line' id='line_1_27' title="bbox 245 3507 1034 3588; baseline 0.008 -23"><span class='ocrx_word' id='word_1_200' title='bbox 245 3560 247 3565; x_wconf 88' lang='lat'>.</span> <span class='ocrx_word' id='word_1_201' title='bbox 314 3507 471 3588; x_wconf 80' lang='lat' dir='ltr'>(vultur);</span> <span class='ocrx_word' id='word_1_202' title='bbox 496 3507 575 3572; x_wconf 69' lang='lat' dir='ltr'>Aea</span> <span class='ocrx_word' id='word_1_203' title='bbox 600 3509 639 3580; x_wconf 79' lang='lat' dir='ltr'>V,</span> <span class='ocrx_word' id='word_1_204' title='bbox 667 3513 750 3584; x_wconf 83' lang='lat'>556:</span> <span class='ocrx_word' id='word_1_205' title='bbox 776 3519 869 3569; x_wconf 89' lang='lat' dir='ltr'>tonsa</span> <span class='ocrx_word' id='word_1_206' title='bbox 893 3511 1034 3587; x_wconf 82' lang='lat' dir='ltr'>corona).</span> 
     </span>
    </p>

    <p class='ocr_par' dir='ltr' id='par_1_9' title="bbox 312 3616 1413 4124">
     <span class='ocr_line' id='line_1_28' title="bbox 402 3616 1410 3698; baseline 0.001 -20"><span class='ocrx_word' id='word_1_207' title='bbox 402 3618 550 3680; x_wconf 90' lang='lat' dir='ltr'>Ceterum</span> <span class='ocrx_word' id='word_1_208' title='bbox 576 3639 671 3698; x_wconf 80' lang='lat' dir='ltr'>saepe</span> <span class='ocrx_word' id='word_1_209' title='bbox 695 3640 818 3697; x_wconf 91' lang='lat' dir='ltr'>caprae,</span> <span class='ocrx_word' id='word_1_210' title='bbox 844 3619 1031 3698; x_wconf 87' lang='lat' dir='ltr'>praesertim</span> <span class='ocrx_word' id='word_1_211' title='bbox 1068 3642 1140 3681; x_wconf 91' lang='lat' dir='ltr'>cum</span> <span class='ocrx_word' id='word_1_212' title='bbox 1166 3621 1198 3680; x_wconf 92' lang='lat' dir='ltr'>in</span> <span class='ocrx_word' id='word_1_213' title='bbox 1224 3618 1319 3680; x_wconf 84' lang='lat' dir='ltr'>terris</span> <span class='ocrx_word' id='word_1_214' title='bbox 1341 3616 1410 3680; x_wconf 82' lang='lat' dir='ltr'>her·</span> 
     </span>
     <span class='ocr_line' id='line_1_29' title="bbox 316 3727 1409 3807; baseline -0.001 -18"><span class='ocrx_word' id='word_1_215' title='bbox 316 3730 428 3789; x_wconf 90' lang='lat' dir='ltr'>barum</span> <span class='ocrx_word' id='word_1_216' title='bbox 454 3747 518 3787; x_wconf 91' lang='lat' dir='ltr'>non</span> <span class='ocrx_word' id='word_1_217' title='bbox 543 3728 585 3788; x_wconf 86' lang='lat' dir='ltr'>sit</span> <span class='ocrx_word' id='word_1_218' title='bbox 609 3748 726 3807; x_wconf 79' lang='lat' dir='ltr'>magna</span> <span class='ocrx_word' id='word_1_219' title='bbox 738 3727 886 3806; x_wconf 86' lang='lat' dir='ltr'>copia—</span> <span class='ocrx_word' id='word_1_220' title='bbox 900 3728 960 3788; x_wconf 92' lang='lat' dir='ltr'>hoc</span> <span class='ocrx_word' id='word_1_221' title='bbox 984 3739 1016 3789; x_wconf 91' lang='lat' dir='ltr'>et</span> <span class='ocrx_word' id='word_1_222' title='bbox 1040 3728 1108 3806; x_wconf 90' lang='lat' dir='ltr'>ipse</span> <span class='ocrx_word' id='word_1_223' title='bbox 1130 3728 1198 3789; x_wconf 95' lang='lat' dir='ltr'>vidi</span> <span class='ocrx_word' id='word_1_224' title='bbox 1222 3740 1255 3789; x_wconf 93' lang='lat' dir='ltr'>et</span> <span class='ocrx_word' id='word_1_225' title='bbox 1278 3727 1409 3807; x_wconf 91' lang='lat' dir='ltr'>plurimi</span> 
     </span>
     <span class='ocr_line' id='line_1_30' title="bbox 314 3839 1411 3918; baseline -0.001 -18"><span class='ocrx_word' id='word_1_226' title='bbox 314 3850 457 3918; x_wconf 88' lang='lat' dir='ltr'>pastores</span> <span class='ocrx_word' id='word_1_227' title='bbox 483 3839 561 3899; x_wconf 82' lang='lat' dir='ltr'>mihi</span> <span class='ocrx_word' id='word_1_228' title='bbox 586 3841 858 3900; x_wconf 87' lang='lat' dir='ltr'>confirmaverunt</span> <span class='ocrx_word' id='word_1_229' title='bbox 873 3875 910 3885; x_wconf 84' lang='lat'>-</span> <span class='ocrx_word' id='word_1_230' title='bbox 927 3860 991 3900; x_wconf 91' lang='lat' dir='ltr'>non</span> <span class='ocrx_word' id='word_1_231' title='bbox 1016 3841 1109 3904; x_wconf 91' lang='lat' dir='ltr'>aliter</span> <span class='ocrx_word' id='word_1_232' title='bbox 1131 3862 1168 3902; x_wconf 91' lang='lat' dir='ltr'>ac</span> <span class='ocrx_word' id='word_1_233' title='bbox 1183 3861 1260 3902; x_wconf 91' lang='lat' dir='ltr'>oves</span> <span class='ocrx_word' id='word_1_234' title='bbox 1277 3858 1411 3918; x_wconf 88' lang='lat' dir='ltr'>pascun-</span> 
     </span>
     <span class='ocr_line' id='line_1_31' title="bbox 314 3949 1413 4030; baseline -0.001 -19"><span class='ocrx_word' id='word_1_235' title='bbox 314 3962 387 4021; x_wconf 84' lang='lat' dir='ltr'>tur;</span> <span class='ocrx_word' id='word_1_236' title='bbox 413 3971 517 4030; x_wconf 87' lang='lat' dir='ltr'>neque</span> <span class='ocrx_word' id='word_1_237' title='bbox 542 3951 669 4011; x_wconf 87' lang='lat' dir='ltr'>firmum</span> <span class='ocrx_word' id='word_1_238' title='bbox 694 3962 742 4012; x_wconf 89' lang='lat' dir='ltr'>est</span> <span class='ocrx_word' id='word_1_239' title='bbox 766 3962 1003 4030; x_wconf 85' lang='lat' dir='ltr'>argumentum,</span> <span class='ocrx_word' id='word_1_240' title='bbox 1022 3973 1087 4030; x_wconf 93' lang='lat' dir='ltr'>quo</span> <span class='ocrx_word' id='word_1_241' title='bbox 1111 3953 1153 4014; x_wconf 92' lang='lat' dir='ltr'>sit</span> <span class='ocrx_word' id='word_1_242' title='bbox 1176 3952 1217 4013; x_wconf 91' lang='lat' dir='ltr'>de</span> <span class='ocrx_word' id='word_1_243' title='bbox 1240 3972 1270 4012; x_wconf 92' lang='lat' dir='ltr'>v.</span> <span class='ocrx_word' id='word_1_244' title='bbox 1290 3969 1330 4028; x_wconf 86' lang='lat'>50</span> <span class='ocrx_word' id='word_1_245' title='bbox 1355 3949 1413 4010; x_wconf 91' lang='lat' dir='ltr'>du-</span> 
     </span>
     <span class='ocr_line' id='line_1_32' title="bbox 312 4060 493 4124; baseline 0.011 -2"><span class='ocrx_word' id='word_1_246' title='bbox 312 4060 493 4124; x_wconf 88' lang='lat' dir='ltr'>bitandum.</span> 
     </span>
    </p>
   </div>
   <div class='ocr_carea' id='block_1_7' title="bbox 0 0 1697 5212">
    <p class='ocr_par' dir='ltr' id='par_1_10' title="bbox 0 0 1697 5212">
     <span class='ocr_line' id='line_1_33' title="bbox 0 0 1697 5212; baseline 0 0"><span class='ocrx_word' id='word_1_247' title='bbox 0 0 1697 5212; x_wconf 95' lang='lat' dir='ltr'> </span> 
     </span>
    </p>
   </div>
  </div>
 </body>
</html>
