3384 5212
881 1435 921 1541 ν’.

442 1690 627 1771 Antequam
652 1691 732 1752 illud
760 1712 921 1753 «manum
946 1690 986 1752 de
1011 1690 1149 1751 tabula»
1176 1690 1324 1762 dicimus
1341 1712 1450 1770 super·

354 1823 528 1863 vacaneum
554 1801 646 1864 nobis
675 1822 739 1863 non
775 1802 904 1863 videtur
938 1797 999 1862 hoc
1034 1801 1104 1862 loco
1138 1800 1317 1874 ostendere,
1344 1813 1448 1862 totum

353 1937 490 1988 carmen,
516 1928 641 1996 praeter
663 1938 775 1978 versus
801 1922 907 1993 2536,
926 1916 982 1976 uni
998 1937 1067 1977 esse
1091 1927 1204 1994 poetae
1228 1915 1447 1988 tribuendum,

352 2027 448 2088 etiam
473 2027 562 2106 quod
586 2029 700 2090 attinet
723 2029 764 2089 ad
789 2050 874 2100 rem,
900 2028 1021 2089 scilicet
1049 2026 1115 2087 veri
1139 2026 1244 2087 simile
1279 2047 1343 2087 non
1379 2048 1449 2088 esse

354 2153 389 2203 ut
412 2141 569 2220 plurimae
594 2143 856 2221 interpolationes
880 2155 1024 2222 tempore
1047 2140 1274 2221 progrediente
1291 2141 1323 2200 in
1347 2141 1450 2201 Culice

352 2252 452 2313 factae
474 2252 548 2314 sint.

442 2366 503 2425 Vn.
534 2385 615 2442 1·41.

442 2476 568 2537 Primus
593 2476 752 2555 Heynius‚
777 2499 849 2538 cum
886 2477 982 2539 nimis
1017 2478 1150 2557 longum
1187 2477 1248 2539 hoe
1278 2478 1447 2539 exordium

352 2586 614 2660 existimavisset,
639 2610 690 2652 vv.
720 2608 774 2660 12,
806 2606 873 2665 4·7,
900 2608 992 2664 9-23,
1019 2608 1059 2664 33
1096 2588 1278 2650 interiectos
1313 2588 1448 2660 dixerat;

352 2699 469 2761 deinde
504 2701 782 2779 Hildebrandtius,
808 2722 880 2762 cum
906 2700 938 2760 in
963 2700 1076 2760 iisdem
1102 2700 1247 2761 versibus
1271 2700 1336 2760 duo
1360 2720 1450 2761 exor-

351 2814 413 2887 dia,
439 2835 540 2894 eaque
565 2815 647 2876 inter
670 2836 704 2876 se
728 2813 942 2893 repugnantia
961 2812 1104 2884 vidisset,
1121 2834 1176 2873 eos
1192 2834 1304 2874 omnes
1321 2813 1450 2874 reicien-

352 2928 412 2989 dos
437 2929 570 2994 censuit.

443 3042 513 3120 Ego
537 3061 612 3102 vero
637 3051 761 3101 utnon
793 3039 914 3100 infitior
948 3039 1082 3118 longum
1107 3060 1176 3100 esse
1199 3039 1378 3112 exordium,
1404 3039 1449 3101 sic

352 3147 392 3206 ab
416 3146 466 3207 his
489 3145 593 3206 doctis
617 3146 758 3222 discedo,
782 3165 855 3205 cum
891 3144 975 3204 idem
1006 3145 1147 3206 alienum
1172 3168 1190 3206 a
1215 3146 1360 3226 Vergilio
1385 3147 1449 3208 exi-

352 3256 495 3328 stimant,
521 3257 582 3317 nisi
611 3257 691 3318 sorte
715 3278 751 3317 ea
777 3256 977 3335 repudianda
1011 3268 1096 3328 sunt,
1121 3278 1205 3336 quae
1240 3258 1450 3319 inveniuntur

352 3368 385 3427 in
409 3370 487 3431 Buc.
512 3369 589 3427 VIII
619 3387 630 3426 1
654 3387 702 3443 13,
734 3368 849 3446 Georg.
876 3369 889 3428 I
918 3387 1000 3444 1-42,
1027 3369 1072 3428 III
1100 3374 1182 3445 1-48.

442 3479 540 3558 Quod
556 3489 663 3539 autem
680 3479 795 3540 attinet
810 3480 851 3539 ad
869 3479 1000 3539 nimiam
1018 3491 1131 3558 poetae
1149 3481 1348 3554 modestiam,
1366 3504 1449 3561 quae

351 3591 384 3651 in
408 3592 519 3652 decem
543 3591 703 3669 prioribus
727 3592 892 3653 versiculis
927 3604 1060 3671 apparet
1082 3595 1196 3672 (nro),
1221 3594 1287 3655 duo
1311 3595 1448 3675 Vergilii

352 3703 412 3764 Ioci
436 3702 620 3764 conferendi
645 3716 721 3766 sunt
745 3708 835 3785 (Bur.
861 3705 908 3768 VI
937 3710 995 3776 1-8‚
1022 3706 1099 3766 VIII
1124 3708 1234 3784 6-13);
1260 3706 1292 3767 in
1317 3707 1446 3787 quibus,

352 3838 416 3878 non
440 3817 532 3878 aliter
554 3831 652 3897 atque
674 3819 706 3879 in
737 3820 846 3891 Culz'ce,
873 3830 966 3897 poeta
991 3832 1088 3899 negat
1123 3842 1157 3882 se
1191 3842 1260 3882 esse
1296 3822 1448 3883 idoneum

352 3929 392 3989 ad
429 3930 549 3990 maiora
585 3932 738 3992 canenda.
764 3935 878 4012 Neque
909 3933 997 4011 quod
1023 3933 1169 3998 Hildebr.
1195 3934 1302 4006 obicit,
1328 3935 1448 4013 duplex

353 4064 418 4104 non
455 4064 555 4104 unum
592 4066 662 4105 esse
696 4045 864 4106 exordium
890 4045 922 4104 in
950 4067 1002 4106 vv.
1032 4066 1114 4123 1-41‚
1141 4046 1270 4108 maioris
1295 4046 1448 4108 momenti

352 4153 445 4216 nobis
467 4154 605 4220 videtur.
