3384 5212
777 507 902 559 ..⁶-

294 652 390 749 cant,
409 651 720 759 ephemeridibus
739 652 925 759 leguntur;
947 652 1011 735 sed
1032 679 1093 734 me
1114 651 1242 733 omnia
1262 634 1387 757 legere

294 783 474 890 potuisse,
490 810 715 890 quamquam
736 783 809 863 iam
831 782 973 864 dudum
993 782 1030 862 in
1050 782 1117 865 hac
1138 780 1387 887 disputatione

295 939 462 1019 operam,
490 930 531 992 ut
558 910 717 1008 videtur,
738 910 937 1016 diligenter
956 910 1078 1017 posui,
1099 908 1260 991 multum
1285 909 1389 991 abest

295 1062 336 1123 ut
363 1043 525 1124 credam.

402 1155 624 1253 Videbimus
652 1171 765 1276 igitur
793 1172 926 1278 quibus
967 1171 1200 1277 argumentis
1240 1171 1390 1253 rationi-

293 1302 435 1408 busque
473 1300 593 1381 adhuc
630 1300 687 1380 usi
725 1300 799 1384 sint
836 1299 964 1399 docti,
1008 1328 1095 1381 cum
1126 1319 1189 1381 aut
1217 1300 1389 1406 Vergilio

296 1450 359 1512 aut
386 1431 515 1511 nescio
557 1428 617 1509 cui
659 1429 787 1534 inepto
815 1449 948 1534 poetae
978 1427 1135 1510 Culicem
1163 1429 1389 1510 tribuissent.

295 1561 436 1640 Eorum
465 1586 534 1665 pro
561 1556 701 1638 viribus
730 1556 906 1637 iudicium
938 1556 986 1638 ita
1015 1554 1218 1654 faciemus,
1261 1576 1313 1655 ut,
1352 1557 1390 1636 in

297 1711 490 1797 utramque
519 1710 662 1798 partem
695 1690 950 1796 disputantes,
980 1687 1198 1768 adversariis
1226 1688 1299 1768 hoc
1328 1716 1392 1793 op-

296 1836 480 1923 ponentes
496 1815 533 1896 id
552 1817 812 1911 concedentes,
831 1815 1126 1897 controversiam
1144 1815 1268 1895 minus
1288 1814 1392 1895 intri-

297 1965 416 2028 catam
447 1945 592 2027 efficere
621 1945 822 2053 possimus

404 2076 712 2158 Controversiam
764 2074 921 2157 fortasse
969 2103 1046 2155 non
1093 2073 1391 2156 diiudicabimus.

298 2206 402 2304 Quid
432 2206 570 2285 mirum
592 2208 606 2285 ?
635 2204 782 2286 luerunt
810 2232 955 2310 semper
975 2206 1170 2310 quaedam,
1191 2205 1228 2284 in
1248 2204 1320 2285 hoc
1341 2203 1393 2284 di-

298 2336 521 2443 sputationis
559 2362 710 2440 genere,
755 2336 914 2441 quaein
953 2335 1207 2416 controversia
1236 2333 1392 2440 relinqui

233 2459 236 2464 ’
298 2465 406 2547 luerit
434 2492 611 2561 necesse;
651 2493 721 2545 nos
750 2485 905 2566 autem,
935 2465 965 2545 si
994 2465 1225 2570 argumentis
1258 2464 1394 2545 confir-

298 2593 537 2690 maverimus,
568 2593 606 2673 in
634 2594 728 2674 hanc
757 2620 944 2674 summam
964 2593 1130 2673 virorum
1151 2594 1394 2674 doctissimo-

299 2750 379 2803 rum
409 2724 682 2805 dissentionem
715 2751 793 2821 eos,
824 2724 888 2828 qui
915 2723 1005 2803 haec
1041 2722 1211 2803 subtilius
1230 2722 1395 2828 disputa-

300 2874 442 2951 verunt,
472 2853 563 2934 nihil
592 2853 692 2933 aliud
719 2852 864 2932 firmius
892 2879 1012 2959 neque
1041 2853 1232 2950 attulisse,
1273 2881 1393 2959 neque

299 2984 455 3065 fortasse
489 2985 619 3065 afferre
640 3012 764 3091 posse,
786 2985 857 3064 nisi
877 3012 917 3065 se
937 2986 1050 3089 ipsos,
1072 3012 1181 3064 suum
1202 2985 1393 3081 iudicium,

301 3143 404 3194 suam
435 3116 701 3195 tantummodo
730 3114 1016 3211 auctoritatem,
1056 3113 1285 3221 sperabimus
1314 3115 1394 3196 fore

302 3262 340 3324 ut
369 3243 470 3323 docti
501 3244 538 3324 in
567 3244 644 3324 veri
673 3244 786 3324 simili
820 3245 981 3350 quadam
1024 3246 1205 3326 sententia
1235 3272 1395 3325 consen-

302 3372 407 3452 tiant.
439 3367 610 3455 Hoc‘est
638 3375 674 3454 in
704 3375 817 3455 votis.
