3384 5212
773 507 914 559 ..13-

232 647 234 650 ’
297 644 437 705 Tantum
462 644 572 717 abest,
611 655 647 705 ut
681 643 748 706 suis
772 644 918 706 versibus
942 642 1040 705 vitam
1064 640 1199 703 alicuius
1230 660 1390 719 exponere

296 754 418 832 possit!
444 754 532 833 Quid
557 754 673 815 mirum
700 755 807 835 igitur,
821 755 847 815 si
875 753 1021 815 maximis
1045 753 1195 814 laudibus
1211 752 1301 813 effert
1326 753 1389 811 Lu-

295 883 423 941 canum,
438 863 577 942 qui-ut
592 863 747 926 traditum
760 864 909 926 est-vix
922 876 1072 944 quartum
1086 862 1245 924 decimum
1266 882 1388 922 annum

296 995 406 1053 agens,
431 974 529 1036 latine
552 986 585 1035 et
607 995 721 1054 graece
744 974 885 1036 carmina
909 995 967 1035 sua
990 973 1245 1052 pronuntiabat?

387 1085 436 1146 Illi
460 1085 759 1164 qui-syllabarum
783 1084 987 1165 auceps—ad
1012 1085 1150 1146 litteram
1175 1084 1314 1145 Statium
1347 1084 1391 1143 in-

220 1239 226 1244 -
298 1185 448 1276 tellegere
472 1196 619 1268 voluerit,
645 1196 777 1256 minime
801 1195 1065 1275 repugnabimus
1079 1217 1137 1256 nos
1149 1217 1189 1256 ex
1206 1195 1299 1256 Statii
1324 1216 1390 1255 ver-

299 1313 408 1374 siculis
431 1312 511 1374 haec
535 1312 779 1393 intellegemus:
806 1314 984 1382 Lucanum,
1008 1312 1192 1381 admodum
1209 1312 1392 1372 adulescen-

301 1436 376 1496 tem,
402 1425 591 1504 priusquam
616 1425 819 1505 Vergilium,
844 1446 956 1486 versus
978 1426 1081 1487 lacere
1104 1425 1255 1504 coepisse.
1292 1425 1391 1503 Quod

300 1537 394 1613 plane
417 1536 480 1599 erit
495 1536 711 1614 perspicuum,
731 1537 757 1598 si
775 1537 1018 1598 meminerimus
1034 1537 1226 1616 Vergilium,
1242 1558 1314 1597 cum
1332 1535 1393 1613 pri-

300 1667 388 1705 mum
414 1647 553 1707 Romam
578 1648 728 1719 venisset,
753 1670 839 1709 anno
864 1650 937 1709 Llll
963 1671 991 1713 a.
1017 1649 1092 1712 Chr.
1117 1669 1159 1718 n.,
1189 1660 1256 1707 tum
1282 1647 1391 1707 decem

299 1770 330 1819 et
354 1769 477 1837 septem
502 1780 604 1821 annos
627 1760 757 1822 vixisse.
777 1763 849 1821 Hoc
871 1782 957 1822 armo
973 1759 1153 1821 existimoa
1170 1758 1314 1836 Vergilio
1336 1757 1392 1816 Cu-

299 1871 385 1929 licem
409 1869 564 1946 scriptum
588 1890 667 1941 esse,
693 1891 766 1930 cum
792 1870 817 1930 is
834 1870 921 1948 apud
940 1869 1102 1946 Epidium,
1121 1879 1157 1927 ut
1170 1878 1310 1943 narrant,
1334 1868 1393 1949 Oc-

299 1980 421 2040 tavium
446 1980 706 2059 condiscipulum
731 1981 956 2061 cognovisset,
994 1978 1144 2040 undecim
1181 1989 1257 2038 tunc
1290 1998 1393 2038 annos

235 2167 237 2171 Ι
300 2101 422 2155 natum.
448 2092 495 2173 (ι)

391 2201 489 2280 Quod
513 2201 539 2262 si
564 2201 709 2262 obiciunt
732 2202 774 2262 ad
798 2202 970 2263 Octavium
996 2213 1073 2262 tunc
1097 2199 1254 2260 iuniorem
1271 2197 1338 2259 veri
1355 2197 1394 2257 si-

302 2311 377 2373 mile
401 2333 466 2374 non
490 2334 559 2374 esse
584 2325 619 2373 ut
642 2333 771 2374 carmen
796 2313 930 2374 missum
955 2314 1017 2385 sit,
1044 2313 1076 2373 id
1100 2311 1166 2373 veri
1194 2310 1393 2372 simillimum

302 2447 370 2489 esse
387 2426 535 2488 hocloco
554 2427 695 2488 conabor
711 2426 941 2488 demonstrare.
959 2427 1093 2486 Constat
1109 2424 1194 2484 enim
1211 2422 1393 2494 Octavium,

303 2548 392 2615 patre
414 2538 574 2609 orbatum,
594 2537 626 2596 in
652 2537 797 2598 Caesaris
822 2538 953 2599 tutelam
979 2537 1115 2606 venisse,
1130 2556 1201 2595 cum
1217 2555 1297 2612 puer
1312 2545 1395 2594 essct

301 2656 455 2723 quattuor
477 2666 648 2709 annorum.
674 2644 753 2705 Eius
778 2645 900 2725 ingenii
925 2666 1028 2724 usque
1052 2645 1093 2704 ab
1116 2665 1154 2704 eo
1172 2655 1316 2720 tempore
1333 2664 1395 2702 ma·

299 2785 365 2843 gna
387 2765 448 2826 suit
470 2765 675 2843 exspectatio,
700 2767 746 2845 (2)
769 2764 928 2843 siquidem
953 2787 971 2823 a
996 2765 1130 2824 Caesare
1162 2762 1301 2841 primum
1329 2785 1393 2823 ma·

300 2931 461 2941 ..—

372 3023 411 3094 (1)
431 3025 564 3077 Fortasse
583 3042 619 3077 ne
638 3042 712 3078 unus
736 3024 855 3091 quidem
870 3023 912 3075 vir
925 3023 1038 3086 doctus,
1054 3040 1089 3074 ex
1102 3023 1246 3086 omnibus,
1261 3021 1313 3087 qui
1337 3022 1395 3073 Cu-

302 3117 383 3169 licem
401 3126 579 3186 uegaverunt
592 3135 655 3171 esse
669 3118 879 3184 Vergilianum,
894 3117 998 3169 eodem
1011 3133 1097 3181 anuo,
1112 3133 1171 3183 quo
1185 3117 1242 3179 alii,
1258 3116 1395 3181 scriptum

303 3211 424 3277 putavit.
445 3212 547 3276 Immo,
569 3211 592 3263 si
612 3211 765 3264 nonnullas
778 3227 878 3263 eorum
892 3210 1048 3263 sententias
1061 3227 1275 3276 persequemur,
1294 3209 1396 3261 (libicis

303 3310 428 3356 aetatem
451 3304 639 3357 fluctuantem
659 3304 822 3357 videbimus
842 3304 870 3355 in
890 3304 1057 3370 quingentis
1075 3303 1175 3356 amris!

304 3396 368 3449 LEO
387 3396 464 3449 enim
486 3399 607 3451 (idicem
626 3399 763 3465 scriptum
783 3399 894 3465 putavit
914 3405 980 3451 ante
1000 3406 1122 3451 mortem
1142 3397 1276 3464 Augusti3

226 3483 229 3489 ’
304 3489 578 3545 Hnnrznnauruss
724 3515 735 3539 »
814 3493 888 3545 intra
907 3493 1003 3545 Ovidii
1024 3501 1053 3545 et
1073 3493 1161 3544 Persii
1180 3500 1315 3553 aetatum

303 3583 522 3634 Basunsusrus
560 3600 573 3631 s
720 3602 734 3631 ›>
810 3582 931 3635 Claudio
951 3584 1135 3648 imperatore3

226 3673 229 3679 ’
304 3676 459 3728 SrLLrGtus
562 3699 573 3723 »
721 3696 735 3726 »
810 3677 847 3729 ad
866 3677 952 3729 finem
963 3677 1047 3742 primi
1067 3676 1274 3742 saeculi‚qnod
1286 3676 1395 3738 dicunt3

301 3769 495 3821 divertamus
558 3785 572 3817 s
718 3785 732 3815 ›>
807 3766 880 3819 intra
899 3768 1029 3819 Suetonii
1048 3776 1077 3819 et
1097 3768 1184 3819 Nonii
1203 3775 1342 3831 aetatem;

305 3861 460 3914 Ounrmus
559 3884 570 3909 »
719 3881 732 3912 »
807 3862 1399 3929 Trasamundi,Vandalorumregis,tem-

1192 3956 1324 4022 poribus!

376 4045 415 4120 (2)
435 4047 478 4100 Cl.
499 4046 630 4101 Suetonii
649 4047 755 4100 librum
775 4048 811 4101 de
830 4048 888 4101 vita
907 4049 1062 4102 Caesarum
1083 4047 1172 4122 (Aug.
1194 4051 1227 4114 85
1247 4054 1320 4116 sqq.)
