3384 5212
829 1323 853 1384 I.

384 1548 419 1611 Si
454 1545 657 1628 antiquitatis
692 1548 869 1611 litterarum
907 1561 1115 1611 monumenta
1150 1570 1389 1629 persequemur,

295 1661 461 1740 complura
484 1660 668 1722 testimonia
691 1660 913 1732 inveniemus,
945 1682 1029 1741 quae
1052 1682 1110 1740 pro
1147 1660 1248 1722 Colice
1281 1661 1390 1723 dicant

298 1771 484 1853 Vergiliano
509 1775 568 1853 (1),
592 1772 625 1832 in
650 1770 701 1833 his
725 1772 858 1844 Lucani,
883 1771 989 1844 Statii,
1021 1771 1180 1834 Martialis
1206 1773 1303 1834 verba
1327 1793 1390 1832 ma-

299 1880 416 1944 ximam
442 1883 563 1944 habent
586 1881 820 1947 auctoritatem.
846 1882 954 1962 Quod,
971 1883 997 1944 si
1023 1882 1168 1963 plerique
1187 1882 1287 1956 docti,
1311 1863 1401 1944 anti-¹

255 1999 262 2010 '
297 1995 430 2074 quitatis
454 1995 640 2058 testimonia
675 2006 912 2076 persequentes,
938 2018 1021 2076 quae
1044 1997 1086 2057 ad
1109 1994 1330 2076 appendicem,
1356 2006 1392 2055 ut

296 2107 397 2180 aiunt,
415 2107 635 2188 Vergilianam
653 2107 824 2187 pertinent,
839 2129 876 2169 ea
893 2107 1066 2180 infirmant,
1084 2119 1115 2169 et
1131 2110 1268 2169 Aetnam
1290 2106 1392 2167 Cirim

296 2219 448 2300 Priapeia
471 2220 860 2300 Epigrammata-recte,
886 2230 922 2280 ut
944 2218 1069 2298 opinor,
1085 2229 1117 2279 et
1133 2216 1391 2297 iure—Vergilio

298 2323 397 2386 tribui
421 2346 516 2405 posse
540 2338 671 2406 negant;
696 2348 769 2388 cum
793 2339 901 2390 autem
927 2327 972 2387 illi
996 2328 1037 2389 de
1067 2327 1169 2388 Colice
1203 2325 1288 2387 idem
1323 2346 1392 2387 sen-

298 2439 393 2512 tiunt,
417 2440 509 2503 cuius
534 2441 693 2519 poematis
709 2442 927 2504 vetustissima
943 2441 1135 2512 testimonia,
1153 2440 1330 2519 eademque
1343 2440 1392 2499 lir-

298 2552 441 2615 missima
464 2553 657 2634 accepimus,
683 2555 801 2618 iniuste
823 2578 860 2618 ac
883 2556 964 2618 sorte
988 2567 1107 2617 temere
1129 2565 1242 2633 agunt.
1265 2555 1312 2632 (2)

370 2845 409 2915 (1)
428 2845 536 2900 Eorum
555 2847 686 2900 omnium
705 2848 882 2901 mentionem
896 2847 1028 2901 hocloco
1041 2845 1134 2899 facere
1147 2860 1392 2911 supervacaneum

297 2942 379 3001 puto,
400 2952 466 2989 cum
485 2937 564 3004 apud
584 2954 694 3003 omnes,
716 2939 765 3006 qui
785 2956 819 2993 ea
838 2939 991 3006 diligenter
1003 2935 1147 3004 persecuti
1159 2940 1236 2999 sunt,
1249 2932 1390 3005 facile‘in-

298 3029 457 3083 veniantur.
479 3032 517 3084 V.
538 3033 855 3100 praecipueznl'oelae
873 3031 958 3085 latini
974 3030 1098 3084 minores
1117 3031 1184 3098 (rec.
1206 3035 1235 3081 et
1254 3044 1310 3081 em.
1331 3027 1389 3079 ΑΕ.

299 3113 478 3187 saeuiens)
501 3117 627 3185 Lipsiae.
649 3121 904 3174 MDCCCLXXX.
926 3121 964 3184 II,
984 3136 1014 3186 p.
1035 3134 1096 3184 3-4;
1119 3121 1215 3183 25-26;
1228 3116 1392 3168 —Studien

298 3207 356 3274 auf
368 3209 431 3262 dem
453 3212 567 3265 Gebiete
594 3213 647 3266 der
672 3215 831 3268 rdmisclzen
860 3214 960 3267 Poesie
978 3214 1037 3266 tend
1052 3212 1176 3266 Metrick
1194 3228 1252 3265 von
1283 3212 1333 3264 Dr.
1355 3213 1390 3265 R.

299 3301 539 3356 Hisnsuunnur.
560 3303 688 3371 Leipzig.
713 3289 790 3370 1887.
813 3307 834 3359 l.
856 3322 885 3372 p.
909 3306 1105 3370 1-43-Culex
1123 3321 1235 3357 carmen
1268 3303 1392 3370 Vergilio

298 3395 452 3462 ascriptum
470 3399 539 3467 (rec.
560 3405 589 3451 et
608 3414 686 3453 enar.
708 3400 761 3452 Fu.
784 3401 860 3469 Leo)
880 3401 1007 3454 Berolini
1027 3399 1390 3466 MDCCCXCI.p.15-19.

300 3488 433 3542 Ceterum
446 3490 482 3544 cs.
496 3492 823 3546 TuususL-Scuwnnu.
839 3492 1003 3546 Gesclriclzte
1014 3493 1067 3546 der
1078 3491 1237 3545 rdnaeisclzen
1246 3494 1390 3546 litaretur.

300 3573 427 3642 Leipzig.
450 3581 528 3644 1890.
550 3579 573 3643 l,
594 3581 622 3646 t}
643 3596 774 3646 229-230.

371 3668 410 3738 (2)
430 3671 568 3726 Omnium
587 3673 794 3728 audacissimus
823 3675 907 3728 nobis
935 3674 1049 3728 videtur
1078 3675 1138 3727 An.
1166 3676 1330 3727 FOERsTER
1351 3674 1390 3741 (ν.

303 3761 394 3815 [leber
410 3763 457 3817 die
474 3767 590 3820 Ecateit
606 3768 654 3821 des
679 3767 867 3835 Virgilisclzen
887 3769 980 3821 Citlex
998 3768 1057 3821 und
1081 3767 1177 3835 einige
1203 3766 1392 3820 Textuerbes-

297 3871 448 3922 serungen.
468 3859 629 3914 Stralsund.
654 3863 744 3932 1877),
765 3863 816 3930 qui
829 3895 863 3902 —
877 3881 912 3917 ex
932 3865 1005 3929 hoc,
1027 3863 1106 3931 quod
1126 3861 1248 3915 Ovidius
1267 3867 1296 3912 et
1319 3861 1392 3912 Pro-

297 3950 408 4016 pertius
426 3952 602 4021 reliquorum
620 3957 741 4023 Vergilii
761 3957 920 4011 carminum
933 3957 1110 4011 mentionem
1131 3958 1268 4017 fecerunt,
1288 3951 1392 4006 Culicis

298 4058 358 4110 non
377 4042 659 4114 fecerunt-negavit
676 4047 825 4116 scripsisse
842 4063 981 4115 umquam
1001 4048 1056 4102 hoc
1075 4064 1189 4102 carmen
1217 4044 1389 4112 Vergilium,
