<?xml version="1.0" encoding="UTF-8"?>
<!DOCTYPE html PUBLIC "-//W3C//DTD XHTML 1.0 Transitional//EN"
    "http://www.w3.org/TR/xhtml1/DTD/xhtml1-transitional.dtd">
<html xmlns="http://www.w3.org/1999/xhtml" xml:lang="en" lang="en">
 <head>
  <title>
</title>
<meta http-equiv="Content-Type" content="text/html;charset=utf-8" />
  <meta name='ocr-system' content='tesseract 3.04.00' />
  <meta name='ocr-capabilities' content='ocr_page ocr_carea ocr_par ocr_line ocrx_word'/>
</head>
<body>
  <div class='ocr_page' id='page_1' title='image "./deculicisauctor00vitrgoog_0022.png"; bbox 0 0 3384 5212; ppageno 0'>
   <div class='ocr_carea' id='block_1_1' title="bbox 779 518 922 574">
    <p class='ocr_par' dir='ltr' id='par_1_1' title="bbox 779 518 922 574">
     <span class='ocr_line' id='line_1_1' title="bbox 779 518 922 574; baseline -0.007 -24"><span class='ocrx_word' id='word_1_1' title='bbox 779 518 922 574; x_wconf 77' lang='lat'>..17-</span> 
     </span>
    </p>
   </div>
   <div class='ocr_carea' id='block_1_2' title="bbox 393 654 1397 736">
    <p class='ocr_par' dir='ltr' id='par_1_2' title="bbox 393 654 1397 736">
     <span class='ocr_line' id='line_1_2' title="bbox 393 654 1397 736; baseline 0 -18"><span class='ocrx_word' id='word_1_2' title='bbox 393 657 486 736; x_wconf 83' lang='lat' dir='ltr'>Quae</span> <span class='ocrx_word' id='word_1_3' title='bbox 508 655 617 718; x_wconf 91' lang='lat' dir='ltr'>omnia</span> <span class='ocrx_word' id='word_1_4' title='bbox 641 676 717 718; x_wconf 90' lang='lat' dir='ltr'>vera</span> <span class='ocrx_word' id='word_1_5' title='bbox 733 654 802 717; x_wconf 90' lang='lat' dir='ltr'>visa</span> <span class='ocrx_word' id='word_1_6' title='bbox 818 666 894 717; x_wconf 90' lang='lat' dir='ltr'>sunt</span> <span class='ocrx_word' id='word_1_7' title='bbox 911 654 1172 728; x_wconf 87' lang='lat' dir='ltr'>Hildebrandtio,</span> <span class='ocrx_word' id='word_1_8' title='bbox 1185 677 1259 718; x_wconf 88' lang='lat' dir='ltr'>cum</span> <span class='ocrx_word' id='word_1_9' title='bbox 1277 655 1314 729; x_wconf 88' lang='lat' dir='ltr'>is,</span> <span class='ocrx_word' id='word_1_10' title='bbox 1328 678 1397 736; x_wconf 90' lang='lat' dir='ltr'>per·</span> 
     </span>
    </p>
   </div>
   <div class='ocr_carea' id='block_1_3' title="bbox 303 769 1462 1296">
    <p class='ocr_par' dir='ltr' id='par_1_3' title="bbox 303 769 1462 1296">
     <span class='ocr_line' id='line_1_3' title="bbox 303 769 1398 850; baseline 0.001 -18"><span class='ocrx_word' id='word_1_11' title='bbox 303 770 422 833; x_wconf 84' lang='lat' dir='ltr'>multos</span> <span class='ocrx_word' id='word_1_12' title='bbox 445 769 650 850; x_wconf 83' lang='lat' dir='ltr'>Vergilianos</span> <span class='ocrx_word' id='word_1_13' title='bbox 672 769 848 831; x_wconf 88' lang='lat' dir='ltr'>versiculos</span> <span class='ocrx_word' id='word_1_14' title='bbox 872 781 1068 848; x_wconf 84' lang='lat' dir='ltr'>persecutus,</span> <span class='ocrx_word' id='word_1_15' title='bbox 1085 769 1117 831; x_wconf 93' lang='lat' dir='ltr'>in</span> <span class='ocrx_word' id='word_1_16' title='bbox 1140 792 1197 839; x_wconf 80' lang='lat' dir='ltr'>sex</span> <span class='ocrx_word' id='word_1_17' title='bbox 1222 782 1348 833; x_wconf 89' lang='lat' dir='ltr'>tantum</span> <span class='ocrx_word' id='word_1_18' title='bbox 1365 783 1398 834; x_wconf 91' lang='lat' dir='ltr'>et</span> 
     </span>
     <span class='ocr_line' id='line_1_4' title="bbox 303 880 1462 963; baseline 0.001 -20"><span class='ocrx_word' id='word_1_19' title='bbox 303 880 480 961; x_wconf 81' lang='lat' dir='ltr'>nonaginta</span> <span class='ocrx_word' id='word_1_20' title='bbox 502 881 624 943; x_wconf 87' lang='lat' dir='ltr'>Culicis</span> <span class='ocrx_word' id='word_1_21' title='bbox 647 880 794 942; x_wconf 87' lang='lat' dir='ltr'>versibus</span> <span class='ocrx_word' id='word_1_22' title='bbox 817 893 943 960; x_wconf 89' lang='lat' dir='ltr'>praeter</span> <span class='ocrx_word' id='word_1_23' title='bbox 965 903 1141 960; x_wconf 84' lang='lat' dir='ltr'>caesuram,</span> <span class='ocrx_word' id='word_1_24' title='bbox 1152 903 1251 963; x_wconf 88' lang='lat' dir='ltr'>quarn</span> <span class='ocrx_word' id='word_1_25' title='bbox 1268 894 1394 955; x_wconf 83' lang='lat' dir='ltr'>vocant,</span> <span class='ocrx_word' id='word_1_26' title='bbox 1460 917 1462 922; x_wconf 94' lang='lat'>·</span> 
     </span>
     <span class='ocr_line' id='line_1_5' title="bbox 303 994 1394 1074; baseline 0.001 -19"><span class='ocrx_word' id='word_1_27' title='bbox 303 1015 430 1072; x_wconf 83' lang='lat' dir='ltr'>semper</span> <span class='ocrx_word' id='word_1_28' title='bbox 453 995 653 1074; x_wconf 72' lang='lat' dir='ltr'>Denkpause,</span> <span class='ocrx_word' id='word_1_29' title='bbox 679 994 713 1054; x_wconf 91' lang='lat' dir='ltr'>id</span> <span class='ocrx_word' id='word_1_30' title='bbox 736 1005 786 1055; x_wconf 92' lang='lat' dir='ltr'>est</span> <span class='ocrx_word' id='word_1_31' title='bbox 808 995 1012 1054; x_wconf 80' lang='lat' dir='ltr'>intervallum</span> <span class='ocrx_word' id='word_1_32' title='bbox 1035 995 1085 1074; x_wconf 80' lang='lat' dir='ltr'><strong>(cs.</strong></span> <span class='ocrx_word' id='word_1_33' title='bbox 1103 994 1169 1062; x_wconf 87' lang='lat' dir='ltr'><strong>Cic.</strong></span> <span class='ocrx_word' id='word_1_34' title='bbox 1184 995 1227 1056; x_wconf 88' lang='lat' dir='ltr'>de</span> <span class='ocrx_word' id='word_1_35' title='bbox 1241 1007 1322 1060; x_wconf 90' lang='lat' dir='ltr'>orat.</span> <span class='ocrx_word' id='word_1_36' title='bbox 1339 996 1394 1056; x_wconf 86' lang='lat'>111.</span> 
     </span>
     <span class='ocr_line' id='line_1_6' title="bbox 305 1103 1395 1184; baseline 0.002 -19"><span class='ocrx_word' id='word_1_37' title='bbox 305 1107 401 1183; x_wconf 86' lang='lat'>185.),</span> <span class='ocrx_word' id='word_1_38' title='bbox 427 1115 462 1166; x_wconf 93' lang='lat' dir='ltr'>ut</span> <span class='ocrx_word' id='word_1_39' title='bbox 485 1103 518 1165; x_wconf 92' lang='lat' dir='ltr'>in</span> <span class='ocrx_word' id='word_1_40' title='bbox 542 1103 613 1165; x_wconf 92' lang='lat' dir='ltr'>aliis</span> <span class='ocrx_word' id='word_1_41' title='bbox 637 1104 775 1184; x_wconf 86' lang='lat' dir='ltr'><strong>Vergilii</strong></span> <span class='ocrx_word' id='word_1_42' title='bbox 791 1103 947 1177; x_wconf 85' lang='lat' dir='ltr'>versibus,</span> <span class='ocrx_word' id='word_1_43' title='bbox 965 1125 1047 1184; x_wconf 87' lang='lat' dir='ltr'>quos</span> <span class='ocrx_word' id='word_1_44' title='bbox 1064 1105 1241 1182; x_wconf 88' lang='lat' dir='ltr'>permultos</span> <span class='ocrx_word' id='word_1_45' title='bbox 1262 1103 1395 1184; x_wconf 85' lang='lat' dir='ltr'>quidem</span> 
     </span>
     <span class='ocr_line' id='line_1_7' title="bbox 303 1214 1324 1296; baseline 0.002 -22"><span class='ocrx_word' id='word_1_46' title='bbox 303 1251 346 1266; x_wconf 55' lang='grc' dir='ltr'>ψ-</span> <span class='ocrx_word' id='word_1_47' title='bbox 365 1234 430 1289; x_wconf 82' lang='lat' dir='ltr'>non</span> <span class='ocrx_word' id='word_1_48' title='bbox 453 1234 568 1276; x_wconf 84' lang='lat' dir='ltr'>omnes</span> <span class='ocrx_word' id='word_1_49' title='bbox 592 1224 933 1293; x_wconf 72' lang='lat' dir='ltr'>tamen-›persecutus</span> <span class='ocrx_word' id='word_1_50' title='bbox 953 1225 1032 1288; x_wconf 86' lang='lat' dir='ltr'>erat,</span> <span class='ocrx_word' id='word_1_51' title='bbox 1058 1214 1242 1276; x_wconf 84' lang='lat' dir='ltr'>invenisset.</span> <span class='ocrx_word' id='word_1_52' title='bbox 1266 1217 1324 1296; x_wconf 88' lang='lat'>(1).</span> 
     </span>
    </p>
   </div>
   <div class='ocr_carea' id='block_1_4' title="bbox 301 1479 462 1494">
    <p class='ocr_par' dir='ltr' id='par_1_4' title="bbox 301 1479 462 1494">
     <span class='ocr_line' id='line_1_8' title="bbox 301 1479 462 1494; baseline -0.012 -3"><span class='ocrx_word' id='word_1_53' title='bbox 301 1479 462 1494; x_wconf 64' lang='grc' dir='ltr'>-ιι-ν--φ</span> 
     </span>
    </p>
   </div>
   <div class='ocr_carea' id='block_1_5' title="bbox 297 1641 1396 4159">
    <p class='ocr_par' dir='ltr' id='par_1_5' title="bbox 299 1641 1396 2366">
     <span class='ocr_line' id='line_1_9' title="bbox 301 1641 1396 1713; baseline 0.001 -16"><span class='ocrx_word' id='word_1_54' title='bbox 301 1641 362 1697; x_wconf 90' lang='lat' dir='ltr'>scio</span> <span class='ocrx_word' id='word_1_55' title='bbox 369 1641 437 1713; x_wconf 85' lang='lat' dir='ltr'>quis</span> <span class='ocrx_word' id='word_1_56' title='bbox 447 1642 476 1697; x_wconf 88' lang='lat' dir='ltr'>iu</span> <span class='ocrx_word' id='word_1_57' title='bbox 490 1643 545 1699; x_wconf 91' lang='lat' dir='ltr'>hoc</span> <span class='ocrx_word' id='word_1_58' title='bbox 557 1657 672 1697; x_wconf 88' lang='lat' dir='ltr'>carmen</span> <span class='ocrx_word' id='word_1_59' title='bbox 682 1642 877 1709; x_wconf 83' lang='lat' dir='ltr'>interpolaret,</span> <span class='ocrx_word' id='word_1_60' title='bbox 891 1642 922 1701; x_wconf 91' lang='lat' dir='ltr'>id</span> <span class='ocrx_word' id='word_1_61' title='bbox 932 1659 1040 1711; x_wconf 86' lang='lat' dir='ltr'>ponere</span> <span class='ocrx_word' id='word_1_62' title='bbox 1051 1643 1202 1712; x_wconf 84' lang='lat' dir='ltr'>debemus,</span> <span class='ocrx_word' id='word_1_63' title='bbox 1217 1645 1298 1713; x_wconf 90' lang='lat' dir='ltr'>quod</span> <span class='ocrx_word' id='word_1_64' title='bbox 1310 1645 1396 1703; x_wconf 85' lang='lat' dir='ltr'><strong>dixe-</strong></span> 
     </span>
     <span class='ocr_line' id='line_1_10' title="bbox 301 1735 1394 1809; baseline 0.003 -21"><span class='ocrx_word' id='word_1_65' title='bbox 301 1736 355 1788; x_wconf 89' lang='lat' dir='ltr'>rim</span> <span class='ocrx_word' id='word_1_66' title='bbox 373 1735 441 1802; x_wconf 89' lang='lat' dir='ltr'>poni</span> <span class='ocrx_word' id='word_1_67' title='bbox 462 1752 520 1793; x_wconf 92' lang='lat' dir='ltr'>non</span> <span class='ocrx_word' id='word_1_68' title='bbox 539 1752 634 1802; x_wconf 90' lang='lat' dir='ltr'>posse.</span> <span class='ocrx_word' id='word_1_69' title='bbox 661 1737 737 1793; x_wconf 85' lang='lat' dir='ltr'>Nam</span> <span class='ocrx_word' id='word_1_70' title='bbox 756 1754 830 1809; x_wconf 89' lang='lat' dir='ltr'>opus</span> <span class='ocrx_word' id='word_1_71' title='bbox 847 1744 893 1793; x_wconf 86' lang='lat' dir='ltr'>est</span> <span class='ocrx_word' id='word_1_72' title='bbox 911 1744 1047 1805; x_wconf 83' lang='lat' dir='ltr'>statuere,</span> <span class='ocrx_word' id='word_1_73' title='bbox 1067 1755 1135 1797; x_wconf 88' lang='lat' dir='ltr'>eum</span> <span class='ocrx_word' id='word_1_74' title='bbox 1160 1739 1211 1805; x_wconf 90' lang='lat' dir='ltr'>qui</span> <span class='ocrx_word' id='word_1_75' title='bbox 1235 1746 1394 1798; x_wconf 81' lang='lat' dir='ltr'>extremam</span> 
     </span>
     <span class='ocr_line' id='line_1_11' title="bbox 300 1830 1394 1901; baseline 0.002 -19"><span class='ocrx_word' id='word_1_76' title='bbox 300 1846 417 1886; x_wconf 91' lang='lat' dir='ltr'>manum</span> <span class='ocrx_word' id='word_1_77' title='bbox 439 1830 531 1883; x_wconf 83' lang='lat' dir='ltr'>Culici</span> <span class='ocrx_word' id='word_1_78' title='bbox 546 1830 747 1901; x_wconf 87' lang='lat' dir='ltr'>imposuisset,</span> <span class='ocrx_word' id='word_1_79' title='bbox 768 1831 817 1898; x_wconf 92' lang='lat' dir='ltr'>qui</span> <span class='ocrx_word' id='word_1_80' title='bbox 836 1830 955 1897; x_wconf 91' lang='lat' dir='ltr'>quidem</span> <span class='ocrx_word' id='word_1_81' title='bbox 983 1831 1100 1899; x_wconf 89' lang='lat' dir='ltr'>reliquis</span> <span class='ocrx_word' id='word_1_82' title='bbox 1128 1831 1158 1885; x_wconf 94' lang='lat' dir='ltr'>in</span> <span class='ocrx_word' id='word_1_83' title='bbox 1187 1832 1273 1889; x_wconf 88' lang='lat' dir='ltr'>rebus</span> <span class='ocrx_word' id='word_1_84' title='bbox 1301 1840 1394 1885; x_wconf 83' lang='lat' dir='ltr'>certos</span> 
     </span>
     <span class='ocr_line' id='line_1_12' title="bbox 300 1924 1394 1995; baseline 0.001 -19"><span class='ocrx_word' id='word_1_85' title='bbox 300 1941 400 1978; x_wconf 91' lang='lat' dir='ltr'>versus</span> <span class='ocrx_word' id='word_1_86' title='bbox 418 1931 531 1977; x_wconf 90' lang='lat' dir='ltr'>tantum</span> <span class='ocrx_word' id='word_1_87' title='bbox 550 1924 677 1977; x_wconf 90' lang='lat' dir='ltr'>imitatus</span> <span class='ocrx_word' id='word_1_88' title='bbox 696 1933 782 1994; x_wconf 87' lang='lat' dir='ltr'>esset,</span> <span class='ocrx_word' id='word_1_89' title='bbox 803 1925 962 1978; x_wconf 89' lang='lat' dir='ltr'>litterarum</span> <span class='ocrx_word' id='word_1_90' title='bbox 981 1934 1178 1995; x_wconf 85' lang='lat' dir='ltr'>monumenta,</span> <span class='ocrx_word' id='word_1_91' title='bbox 1193 1943 1277 1992; x_wconf 90' lang='lat' dir='ltr'>quae,</span> <span class='ocrx_word' id='word_1_92' title='bbox 1292 1926 1316 1978; x_wconf 91' lang='lat' dir='ltr'>si</span> <span class='ocrx_word' id='word_1_93' title='bbox 1335 1942 1394 1979; x_wconf 92' lang='lat' dir='ltr'>non</span> 
     </span>
     <span class='ocr_line' id='line_1_13' title="bbox 301 2015 1394 2083; baseline -0.002 -13"><span class='ocrx_word' id='word_1_94' title='bbox 301 2033 412 2082; x_wconf 87' lang='lat' dir='ltr'>omnes,</span> <span class='ocrx_word' id='word_1_95' title='bbox 432 2015 596 2082; x_wconf 87' lang='lat' dir='ltr'>complures</span> <span class='ocrx_word' id='word_1_96' title='bbox 614 2023 691 2069; x_wconf 85' lang='lat' dir='ltr'>certe</span> <span class='ocrx_word' id='word_1_97' title='bbox 710 2033 769 2068; x_wconf 90' lang='lat' dir='ltr'>non</span> <span class='ocrx_word' id='word_1_98' title='bbox 786 2015 965 2082; x_wconf 76' lang='lat' dir='ltr'>ignorarent,</span> <span class='ocrx_word' id='word_1_99' title='bbox 982 2016 1092 2069; x_wconf 87' lang='lat' dir='ltr'>minimi</span> <span class='ocrx_word' id='word_1_100' title='bbox 1106 2017 1216 2080; x_wconf 88' lang='lat' dir='ltr'>secisse,</span> <span class='ocrx_word' id='word_1_101' title='bbox 1232 2032 1327 2083; x_wconf 89' lang='lat' dir='ltr'>neque</span> <span class='ocrx_word' id='word_1_102' title='bbox 1339 2015 1394 2068; x_wconf 86' lang='lat' dir='ltr'>sibi</span> 
     </span>
     <span class='ocr_line' id='line_1_14' title="bbox 300 2106 1394 2175; baseline -0.002 -14"><span class='ocrx_word' id='word_1_103' title='bbox 300 2124 385 2161; x_wconf 91' lang='lat' dir='ltr'>curae</span> <span class='ocrx_word' id='word_1_104' title='bbox 399 2107 496 2173; x_wconf 83' lang='lat' dir='ltr'>fuisse,</span> <span class='ocrx_word' id='word_1_105' title='bbox 512 2114 543 2161; x_wconf 90' lang='lat' dir='ltr'>ut</span> <span class='ocrx_word' id='word_1_106' title='bbox 555 2124 599 2172; x_wconf 90' lang='lat' dir='ltr'>ea,</span> <span class='ocrx_word' id='word_1_107' title='bbox 612 2124 687 2174; x_wconf 88' lang='lat' dir='ltr'>quae</span> <span class='ocrx_word' id='word_1_108' title='bbox 699 2108 829 2174; x_wconf 86' lang='lat' dir='ltr'>adderet,</span> <span class='ocrx_word' id='word_1_109' title='bbox 844 2108 1002 2175; x_wconf 90' lang='lat' dir='ltr'>aequaliter</span> <span class='ocrx_word' id='word_1_110' title='bbox 1015 2116 1044 2162; x_wconf 89' lang='lat' dir='ltr'>et</span> <span class='ocrx_word' id='word_1_111' title='bbox 1056 2115 1248 2174; x_wconf 81' lang='lat' dir='ltr'>congnrenter</span> <span class='ocrx_word' id='word_1_112' title='bbox 1260 2106 1304 2172; x_wconf 82' lang='lat' dir='ltr'>tis,</span> <span class='ocrx_word' id='word_1_113' title='bbox 1319 2123 1394 2173; x_wconf 82' lang='lat' dir='ltr'>quae</span> 
     </span>
     <span class='ocr_line' id='line_1_15' title="bbox 299 2203 1394 2272; baseline -0.003 -14"><span class='ocrx_word' id='word_1_114' title='bbox 299 2204 404 2258; x_wconf 88' lang='lat' dir='ltr'>tradita</span> <span class='ocrx_word' id='word_1_115' title='bbox 422 2211 528 2270; x_wconf 90' lang='lat' dir='ltr'>essent,</span> <span class='ocrx_word' id='word_1_116' title='bbox 547 2204 745 2271; x_wconf 89' lang='lat' dir='ltr'>responderet.</span> <span class='ocrx_word' id='word_1_117' title='bbox 776 2205 817 2258; x_wconf 84' lang='lat' dir='ltr'>Cs.</span> <span class='ocrx_word' id='word_1_118' title='bbox 846 2206 934 2259; x_wconf 89' lang='lat' dir='ltr'>etiarn</span> <span class='ocrx_word' id='word_1_119' title='bbox 963 2222 1038 2272; x_wconf 89' lang='lat' dir='ltr'>quae</span> <span class='ocrx_word' id='word_1_120' title='bbox 1051 2259 1052 2262; x_wconf 72' lang='grc'>,</span> <span class='ocrx_word' id='word_1_121' title='bbox 1065 2205 1208 2259; x_wconf 88' lang='lat' dir='ltr'>subtiliter</span> <span class='ocrx_word' id='word_1_122' title='bbox 1236 2203 1394 2269; x_wconf 88' lang='lat' dir='ltr'>disputavit</span> 
     </span>
     <span class='ocr_line' id='line_1_16' title="bbox 300 2299 1072 2366; baseline 0.001 -14"><span class='ocrx_word' id='word_1_123' title='bbox 300 2301 443 2354; x_wconf 76' lang='lat' dir='ltr'>Euuslus</span> <span class='ocrx_word' id='word_1_124' title='bbox 462 2300 491 2352; x_wconf 92' lang='lat' dir='ltr'>in</span> <span class='ocrx_word' id='word_1_125' title='bbox 512 2299 680 2352; x_wconf 73' lang='lat' dir='ltr'>«Classical</span> <span class='ocrx_word' id='word_1_126' title='bbox 696 2300 838 2355; x_wconf 80' lang='lat' dir='ltr'>Review»</span> <span class='ocrx_word' id='word_1_127' title='bbox 862 2303 939 2365; x_wconf 82' lang='lat'>1887.</span> <span class='ocrx_word' id='word_1_128' title='bbox 960 2317 989 2366; x_wconf 90' lang='lat' dir='ltr'>p.</span> <span class='ocrx_word' id='word_1_129' title='bbox 1011 2303 1072 2365; x_wconf 88' lang='lat'>275.</span> 
     </span>
    </p>

    <p class='ocr_par' dir='ltr' id='par_1_6' title="bbox 297 2392 1395 3947">
     <span class='ocr_line' id='line_1_17' title="bbox 371 2392 1393 2464; baseline -0.003 -18"><span class='ocrx_word' id='word_1_130' title='bbox 371 2395 438 2446; x_wconf 89' lang='lat' dir='ltr'>Hoc</span> <span class='ocrx_word' id='word_1_131' title='bbox 456 2394 521 2447; x_wconf 90' lang='lat' dir='ltr'>loco</span> <span class='ocrx_word' id='word_1_132' title='bbox 540 2408 598 2445; x_wconf 90' lang='lat' dir='ltr'>non</span> <span class='ocrx_word' id='word_1_133' title='bbox 617 2399 660 2446; x_wconf 86' lang='lat' dir='ltr'>est</span> <span class='ocrx_word' id='word_1_134' title='bbox 678 2393 927 2459; x_wconf 89' lang='lat' dir='ltr'>praetereundum,</span> <span class='ocrx_word' id='word_1_135' title='bbox 943 2394 1096 2459; x_wconf 91' lang='lat' dir='ltr'>plerosque</span> <span class='ocrx_word' id='word_1_136' title='bbox 1109 2393 1211 2447; x_wconf 91' lang='lat' dir='ltr'>doctos</span> <span class='ocrx_word' id='word_1_137' title='bbox 1225 2392 1393 2464; x_wconf 67' lang='lat' dir='ltr'>(Taurasi-</span> 
     </span>
     <span class='ocr_line' id='line_1_18' title="bbox 302 2485 1395 2557; baseline -0.001 -18"><span class='ocrx_word' id='word_1_138' title='bbox 302 2501 389 2552; x_wconf 78' lang='lat' dir='ltr'>uun,</span> <span class='ocrx_word' id='word_1_139' title='bbox 402 2487 614 2548; x_wconf 77' lang='lat' dir='ltr'>Guruuoruu,</span> <span class='ocrx_word' id='word_1_140' title='bbox 624 2487 846 2550; x_wconf 71' lang='lat' dir='ltr'>Kooucsruuu,</span> <span class='ocrx_word' id='word_1_141' title='bbox 867 2485 1345 2557; x_wconf 51' lang='lat' dir='ltr'>Sunanunuuu,Sanurrruuu..)</span> <span class='ocrx_word' id='word_1_142' title='bbox 1360 2486 1395 2539; x_wconf 93' lang='lat' dir='ltr'>iis</span> 
     </span>
     <span class='ocr_line' id='line_1_19' title="bbox 299 2577 1394 2646; baseline -0.001 -13"><span class='ocrx_word' id='word_1_143' title='bbox 299 2579 450 2646; x_wconf 86' lang='lat' dir='ltr'>perpaucis</span> <span class='ocrx_word' id='word_1_144' title='bbox 466 2596 526 2632; x_wconf 89' lang='lat' dir='ltr'>non</span> <span class='ocrx_word' id='word_1_145' title='bbox 545 2596 609 2635; x_wconf 86' lang='lat' dir='ltr'>esse</span> <span class='ocrx_word' id='word_1_146' title='bbox 628 2578 775 2643; x_wconf 79' lang='lat' dir='ltr'>adsensoS,</span> <span class='ocrx_word' id='word_1_147' title='bbox 786 2579 837 2645; x_wconf 91' lang='lat' dir='ltr'>qui</span> <span class='ocrx_word' id='word_1_148' title='bbox 857 2579 993 2632; x_wconf 80' lang='lat' dir='ltr'>Bucolica</span> <span class='ocrx_word' id='word_1_149' title='bbox 1004 2580 1035 2632; x_wconf 91' lang='lat' dir='ltr'>in</span> <span class='ocrx_word' id='word_1_150' title='bbox 1048 2580 1181 2646; x_wconf 84' lang='lat' dir='ltr'>strophas</span> <span class='ocrx_word' id='word_1_151' title='bbox 1192 2577 1394 2632; x_wconf 88' lang='lat' dir='ltr'>distribuenda</span> 
     </span>
     <span class='ocr_line' id='line_1_20' title="bbox 300 2672 1392 2740; baseline -0.003 -12"><span class='ocrx_word' id='word_1_152' title='bbox 300 2674 486 2728; x_wconf 90' lang='lat' dir='ltr'>censuissent.</span> <span class='ocrx_word' id='word_1_153' title='bbox 509 2673 595 2740; x_wconf 86' lang='lat' dir='ltr'>Quod</span> <span class='ocrx_word' id='word_1_154' title='bbox 615 2674 639 2726; x_wconf 95' lang='lat' dir='ltr'>si</span> <span class='ocrx_word' id='word_1_155' title='bbox 658 2675 841 2740; x_wconf 89' lang='lat' dir='ltr'>stropharum</span> <span class='ocrx_word' id='word_1_156' title='bbox 860 2674 1050 2727; x_wconf 87' lang='lat' dir='ltr'>conformatio</span> <span class='ocrx_word' id='word_1_157' title='bbox 1069 2674 1212 2740; x_wconf 89' lang='lat' dir='ltr'>quaedam</span> <span class='ocrx_word' id='word_1_158' title='bbox 1232 2673 1260 2725; x_wconf 93' lang='lat' dir='ltr'>in</span> <span class='ocrx_word' id='word_1_159' title='bbox 1280 2672 1315 2725; x_wconf 91' lang='lat' dir='ltr'>iis</span> <span class='ocrx_word' id='word_1_160' title='bbox 1334 2689 1392 2726; x_wconf 90' lang='lat' dir='ltr'>car-</span> 
     </span>
     <span class='ocr_line' id='line_1_21' title="bbox 299 2766 1392 2834; baseline -0.002 -13"><span class='ocrx_word' id='word_1_161' title='bbox 299 2769 425 2822; x_wconf 91' lang='lat' dir='ltr'>minibus</span> <span class='ocrx_word' id='word_1_162' title='bbox 443 2767 560 2834; x_wconf 89' lang='lat' dir='ltr'>reperiri</span> <span class='ocrx_word' id='word_1_163' title='bbox 578 2775 684 2834; x_wconf 88' lang='lat' dir='ltr'>potest,</span> <span class='ocrx_word' id='word_1_164' title='bbox 699 2785 734 2821; x_wconf 89' lang='lat' dir='ltr'>ea</span> <span class='ocrx_word' id='word_1_165' title='bbox 746 2766 950 2819; x_wconf 90' lang='lat' dir='ltr'>tantummodo</span> <span class='ocrx_word' id='word_1_166' title='bbox 969 2767 998 2819; x_wconf 92' lang='lat' dir='ltr'>in</span> <span class='ocrx_word' id='word_1_167' title='bbox 1012 2766 1143 2819; x_wconf 90' lang='lat' dir='ltr'>cantibus</span> <span class='ocrx_word' id='word_1_168' title='bbox 1156 2767 1272 2819; x_wconf 90' lang='lat' dir='ltr'>alternis</span> <span class='ocrx_word' id='word_1_169' title='bbox 1285 2774 1315 2819; x_wconf 91' lang='lat' dir='ltr'>et</span> <span class='ocrx_word' id='word_1_170' title='bbox 1328 2782 1392 2819; x_wconf 89' lang='lat' dir='ltr'>can-</span> 
     </span>
     <span class='ocr_line' id='line_1_22' title="bbox 299 2857 1393 2929; baseline -0.005 -15"><span class='ocrx_word' id='word_1_171' title='bbox 299 2861 395 2915; x_wconf 87' lang='lat' dir='ltr'>tilenis</span> <span class='ocrx_word' id='word_1_172' title='bbox 413 2861 533 2913; x_wconf 87' lang='lat' dir='ltr'>sortasse</span> <span class='ocrx_word' id='word_1_173' title='bbox 552 2860 703 2926; x_wconf 87' lang='lat' dir='ltr'>reperitur.</span> <span class='ocrx_word' id='word_1_174' title='bbox 724 2859 779 2929; x_wconf 81' lang='lat' dir='ltr'>(Cf.</span> <span class='ocrx_word' id='word_1_175' title='bbox 800 2860 905 2911; x_wconf 76' lang='lat' dir='ltr'>Hane.</span> <span class='ocrx_word' id='word_1_176' title='bbox 927 2860 974 2910; x_wconf 85' lang='lat' dir='ltr'>De</span> <span class='ocrx_word' id='word_1_177' title='bbox 992 2857 1104 2910; x_wconf 80' lang='lat' dir='ltr'>ratione</span> <span class='ocrx_word' id='word_1_178' title='bbox 1122 2857 1266 2924; x_wconf 80' lang='lat' dir='ltr'>strophica</span> <span class='ocrx_word' id='word_1_179' title='bbox 1284 2857 1393 2910; x_wconf 82' lang='lat' dir='ltr'>carmi-</span> 
     </span>
     <span class='ocr_line' id='line_1_23' title="bbox 298 2947 1391 3018; baseline -0.004 -15"><span class='ocrx_word' id='word_1_180' title='bbox 298 2967 365 3004; x_wconf 83' lang='lat' dir='ltr'>num</span> <span class='ocrx_word' id='word_1_181' title='bbox 383 2950 570 3003; x_wconf 82' lang='lat' dir='ltr'>bucolicorum</span> <span class='ocrx_word' id='word_1_182' title='bbox 595 2949 727 3016; x_wconf 81' lang='lat' dir='ltr'>Vergilii.</span> <span class='ocrx_word' id='word_1_183' title='bbox 750 2949 822 3001; x_wconf 87' lang='lat' dir='ltr'>Berl.</span> <span class='ocrx_word' id='word_1_184' title='bbox 844 2951 919 3013; x_wconf 82' lang='lat'>1875.</span> <span class='ocrx_word' id='word_1_185' title='bbox 939 2965 968 3014; x_wconf 90' lang='lat' dir='ltr'>p.</span> <span class='ocrx_word' id='word_1_186' title='bbox 990 2947 1047 3018; x_wconf 81' lang='lat'><strong>23·)</strong></span> <span class='ocrx_word' id='word_1_187' title='bbox 1069 2949 1228 3012; x_wconf 85' lang='lat' dir='ltr'>Praeterea,</span> <span class='ocrx_word' id='word_1_188' title='bbox 1257 2948 1344 3000; x_wconf 84' lang='lat' dir='ltr'>etiarn</span> <span class='ocrx_word' id='word_1_189' title='bbox 1363 2947 1391 3000; x_wconf 90' lang='lat' dir='ltr'>in</span> 
     </span>
     <span class='ocr_line' id='line_1_24' title="bbox 300 3040 1395 3108; baseline -0.005 -10"><span class='ocrx_word' id='word_1_190' title='bbox 300 3043 467 3106; x_wconf 87' lang='lat' dir='ltr'>Germania,</span> <span class='ocrx_word' id='word_1_191' title='bbox 489 3044 636 3097; x_wconf 82' lang='lat' dir='ltr'>nonnullis</span> <span class='ocrx_word' id='word_1_192' title='bbox 654 3043 749 3096; x_wconf 87' lang='lat' dir='ltr'>doctis</span> <span class='ocrx_word' id='word_1_193' title='bbox 768 3043 837 3095; x_wconf 90' lang='lat' dir='ltr'>viris</span> <span class='ocrx_word' id='word_1_194' title='bbox 856 3043 928 3096; x_wconf 83' lang='lat' dir='ltr'>haec</span> <span class='ocrx_word' id='word_1_195' title='bbox 946 3042 1112 3095; x_wconf 84' lang='lat' dir='ltr'>coniectura</span> <span class='ocrx_word' id='word_1_196' title='bbox 1130 3040 1286 3108; x_wconf 87' lang='lat' dir='ltr'>displicuit;</span> <span class='ocrx_word' id='word_1_197' title='bbox 1302 3041 1395 3107; x_wconf 90' lang='lat' dir='ltr'>siqui-</span> 
     </span>
     <span class='ocr_line' id='line_1_25' title="bbox 298 3136 1392 3208; baseline -0.003 -15"><span class='ocrx_word' id='word_1_198' title='bbox 298 3140 366 3193; x_wconf 89' lang='lat' dir='ltr'>dem</span> <span class='ocrx_word' id='word_1_199' title='bbox 385 3141 580 3193; x_wconf 74' lang='lat' dir='ltr'>Scrruurzrus</span> <span class='ocrx_word' id='word_1_200' title='bbox 599 3140 670 3191; x_wconf 83' lang='lat' dir='ltr'>haec</span> <span class='ocrx_word' id='word_1_201' title='bbox 689 3137 779 3190; x_wconf 86' lang='lat' dir='ltr'>sensit</span> <span class='ocrx_word' id='word_1_202' title='bbox 793 3136 1032 3208; x_wconf 77' lang='lat' dir='ltr'>(Wochensclrrist</span> <span class='ocrx_word' id='word_1_203' title='bbox 1041 3136 1101 3202; x_wconf 74' lang='lat' dir='ltr'>frtr</span> <span class='ocrx_word' id='word_1_204' title='bbox 1117 3137 1267 3190; x_wconf 80' lang='lat' dir='ltr'>Klassiclre</span> <span class='ocrx_word' id='word_1_205' title='bbox 1289 3136 1392 3190; x_wconf 76' lang='lat' dir='ltr'>Philo-</span> 
     </span>
     <span class='ocr_line' id='line_1_26' title="bbox 298 3231 1393 3302; baseline -0.002 -16"><span class='ocrx_word' id='word_1_206' title='bbox 298 3234 384 3300; x_wconf 76' lang='lat' dir='ltr'>logie.</span> <span class='ocrx_word' id='word_1_207' title='bbox 408 3236 485 3299; x_wconf 89' lang='lat'>1887.</span> <span class='ocrx_word' id='word_1_208' title='bbox 506 3250 535 3300; x_wconf 91' lang='lat' dir='ltr'>p.</span> <span class='ocrx_word' id='word_1_209' title='bbox 558 3231 630 3302; x_wconf 85' lang='lat'>752):</span> <span class='ocrx_word' id='word_1_210' title='bbox 643 3250 657 3282; x_wconf 96' lang='lat'>»</span> <span class='ocrx_word' id='word_1_211' title='bbox 680 3232 752 3284; x_wconf 92' lang='lat' dir='ltr'>Hier</span> <span class='ocrx_word' id='word_1_212' title='bbox 770 3232 864 3284; x_wconf 85' lang='lat' dir='ltr'>haben</span> <span class='ocrx_word' id='word_1_213' title='bbox 885 3231 936 3283; x_wconf 89' lang='lat' dir='ltr'>wir</span> <span class='ocrx_word' id='word_1_214' title='bbox 954 3231 1019 3284; x_wconf 86' lang='lat' dir='ltr'>eine</span> <span class='ocrx_word' id='word_1_215' title='bbox 1031 3231 1293 3285; x_wconf 88' lang='lat' dir='ltr'>architektonische</span> <span class='ocrx_word' id='word_1_216' title='bbox 1311 3248 1393 3298; x_wconf 88' lang='lat' dir='ltr'>sym-</span> 
     </span>
     <span class='ocr_line' id='line_1_27' title="bbox 298 3324 1394 3392; baseline 0 -14"><span class='ocrx_word' id='word_1_217' title='bbox 298 3327 408 3392; x_wconf 88' lang='lat' dir='ltr'>metrie,</span> <span class='ocrx_word' id='word_1_218' title='bbox 420 3326 468 3380; x_wconf 88' lang='lat' dir='ltr'>die</span> <span class='ocrx_word' id='word_1_219' title='bbox 487 3327 623 3380; x_wconf 91' lang='lat' dir='ltr'>wahrlich</span> <span class='ocrx_word' id='word_1_220' title='bbox 641 3325 735 3378; x_wconf 89' lang='lat' dir='ltr'>nichts</span> <span class='ocrx_word' id='word_1_221' title='bbox 754 3329 791 3377; x_wconf 85' lang='lat' dir='ltr'>zt&#39;r</span> <span class='ocrx_word' id='word_1_222' title='bbox 802 3326 957 3378; x_wconf 77' lang='lat' dir='ltr'>wunschen</span> <span class='ocrx_word' id='word_1_223' title='bbox 977 3325 1061 3391; x_wconf 77' lang='lat' dir='ltr'>iibrig</span> <span class='ocrx_word' id='word_1_224' title='bbox 1072 3326 1143 3378; x_wconf 74' lang='lat' dir='ltr'>lasst</span> <span class='ocrx_word' id='word_1_225' title='bbox 1155 3324 1215 3378; x_wconf 87' lang='lat' dir='ltr'>und</span> <span class='ocrx_word' id='word_1_226' title='bbox 1221 3325 1311 3392; x_wconf 89' lang='lat' dir='ltr'>jeden</span> <span class='ocrx_word' id='word_1_227' title='bbox 1331 3326 1394 3378; x_wconf 92' lang='lat' dir='ltr'>Ve-</span> 
     </span>
     <span class='ocr_line' id='line_1_28' title="bbox 298 3419 1390 3487; baseline -0.002 -13"><span class='ocrx_word' id='word_1_228' title='bbox 298 3421 395 3474; x_wconf 89' lang='lat' dir='ltr'>rehrer</span> <span class='ocrx_word' id='word_1_229' title='bbox 418 3420 575 3487; x_wconf 84' lang='lat' dir='ltr'>derartiger</span> <span class='ocrx_word' id='word_1_230' title='bbox 595 3419 790 3473; x_wconf 77' lang='lat' dir='ltr'>Kunststi&#39;rcke</span> <span class='ocrx_word' id='word_1_231' title='bbox 808 3420 951 3472; x_wconf 81' lang='lat' dir='ltr'>entzt&#39;rken</span> <span class='ocrx_word' id='word_1_232' title='bbox 973 3419 1080 3473; x_wconf 84' lang='lat' dir='ltr'>wird.»</span> <span class='ocrx_word' id='word_1_233' title='bbox 1114 3421 1267 3484; x_wconf 87' lang='lat' dir='ltr'>Ceterum,</span> <span class='ocrx_word' id='word_1_234' title='bbox 1298 3420 1390 3472; x_wconf 75' lang='lat' dir='ltr'>Hruu.</span> 
     </span>
     <span class='ocr_line' id='line_1_29' title="bbox 298 3513 1393 3584; baseline -0.002 -16"><span class='ocrx_word' id='word_1_235' title='bbox 298 3515 408 3582; x_wconf 90' lang='lat' dir='ltr'>ipsein</span> <span class='ocrx_word' id='word_1_236' title='bbox 427 3514 517 3567; x_wconf 93' lang='lat' dir='ltr'>dubio</span> <span class='ocrx_word' id='word_1_237' title='bbox 541 3531 604 3568; x_wconf 89' lang='lat' dir='ltr'>esse</span> <span class='ocrx_word' id='word_1_238' title='bbox 623 3515 745 3579; x_wconf 78' lang='lat' dir='ltr'>videtur,</span> <span class='ocrx_word' id='word_1_239' title='bbox 761 3531 826 3567; x_wconf 90' lang='lat' dir='ltr'>curn</span> <span class='ocrx_word' id='word_1_240' title='bbox 846 3515 958 3582; x_wconf 90' lang='lat' dir='ltr'>quaerit</span> <span class='ocrx_word' id='word_1_241' title='bbox 980 3513 1020 3584; x_wconf 88' lang='lat' dir='ltr'>(p.</span> <span class='ocrx_word' id='word_1_242' title='bbox 1038 3513 1115 3584; x_wconf 81' lang='lat' dir='ltr'>17o):</span> <span class='ocrx_word' id='word_1_243' title='bbox 1139 3516 1208 3568; x_wconf 70' lang='lat' dir='ltr'>«ist</span> <span class='ocrx_word' id='word_1_244' title='bbox 1227 3514 1278 3567; x_wconf 92' lang='lat' dir='ltr'>der</span> <span class='ocrx_word' id='word_1_245' title='bbox 1299 3514 1393 3567; x_wconf 79' lang='lat' dir='ltr'>Culex</span> 
     </span>
     <span class='ocr_line' id='line_1_30' title="bbox 297 3609 1393 3676; baseline 0 -14"><span class='ocrx_word' id='word_1_246' title='bbox 297 3609 350 3663; x_wconf 91' lang='lat' dir='ltr'>das</span> <span class='ocrx_word' id='word_1_247' title='bbox 359 3609 471 3676; x_wconf 88' lang='lat' dir='ltr'>einzige</span> <span class='ocrx_word' id='word_1_248' title='bbox 483 3626 536 3662; x_wconf 90' lang='lat' dir='ltr'>uns</span> <span class='ocrx_word' id='word_1_249' title='bbox 549 3611 696 3662; x_wconf 89' lang='lat' dir='ltr'>erhaltene</span> <span class='ocrx_word' id='word_1_250' title='bbox 716 3609 839 3675; x_wconf 88' lang='lat' dir='ltr'>Beispiel</span> <span class='ocrx_word' id='word_1_251' title='bbox 859 3626 892 3662; x_wconf 91' lang='lat' dir='ltr'>so</span> <span class='ocrx_word' id='word_1_252' title='bbox 911 3617 1010 3675; x_wconf 88' lang='lat' dir='ltr'>streng</span> <span class='ocrx_word' id='word_1_253' title='bbox 1029 3609 1275 3676; x_wconf 80' lang='lat' dir='ltr'>durchgeft&#39;rhrter‚</span> <span class='ocrx_word' id='word_1_254' title='bbox 1297 3610 1393 3662; x_wconf 92' lang='lat' dir='ltr'>archi-</span> 
     </span>
     <span class='ocr_line' id='line_1_31' title="bbox 297 3702 1391 3770; baseline -0.001 -13"><span class='ocrx_word' id='word_1_255' title='bbox 297 3703 492 3758; x_wconf 88' lang='lat' dir='ltr'>tektonischer</span> <span class='ocrx_word' id='word_1_256' title='bbox 511 3704 709 3770; x_wconf 87' lang='lat' dir='ltr'>Symmetrie?</span> <span class='ocrx_word' id='word_1_257' title='bbox 712 3744 766 3758; x_wconf 87' lang='grc'><strong>.....</strong></span> <span class='ocrx_word' id='word_1_258' title='bbox 787 3704 875 3757; x_wconf 89' lang='lat' dir='ltr'>Giebt</span> <span class='ocrx_word' id='word_1_259' title='bbox 894 3720 925 3756; x_wconf 86' lang='lat' dir='ltr'>es</span> <span class='ocrx_word' id='word_1_260' title='bbox 944 3704 1019 3756; x_wconf 87' lang='lat' dir='ltr'>noch</span> <span class='ocrx_word' id='word_1_261' title='bbox 1040 3702 1145 3756; x_wconf 90' lang='lat' dir='ltr'>andere</span> <span class='ocrx_word' id='word_1_262' title='bbox 1173 3704 1335 3769; x_wconf 88' lang='lat' dir='ltr'>Gedichte,</span> <span class='ocrx_word' id='word_1_263' title='bbox 1362 3704 1391 3756; x_wconf 92' lang='lat' dir='ltr'>iu</span> 
     </span>
     <span class='ocr_line' id='line_1_32' title="bbox 297 3798 1391 3865; baseline 0.001 -14"><span class='ocrx_word' id='word_1_264' title='bbox 297 3798 392 3853; x_wconf 91' lang='lat' dir='ltr'>denen</span> <span class='ocrx_word' id='word_1_265' title='bbox 411 3799 472 3853; x_wconf 92' lang='lat' dir='ltr'>sich</span> <span class='ocrx_word' id='word_1_266' title='bbox 491 3799 556 3854; x_wconf 91' lang='lat' dir='ltr'>eine</span> <span class='ocrx_word' id='word_1_267' title='bbox 575 3817 608 3852; x_wconf 93' lang='lat' dir='ltr'>so</span> <span class='ocrx_word' id='word_1_268' title='bbox 626 3799 817 3864; x_wconf 66' lang='lat' dir='ltr'>rarossenhafte</span> <span class='ocrx_word' id='word_1_269' title='bbox 837 3798 1044 3865; x_wconf 84' lang='lat' dir='ltr'>interpolation</span> <span class='ocrx_word' id='word_1_270' title='bbox 1061 3799 1137 3851; x_wconf 89' lang='lat' dir='ltr'>&#39;oreit</span> <span class='ocrx_word' id='word_1_271' title='bbox 1156 3799 1253 3853; x_wconf 86' lang='lat' dir='ltr'>macht</span> <span class='ocrx_word' id='word_1_272' title='bbox 1267 3840 1274 3865; x_wconf 93' lang='lat'>,</span> <span class='ocrx_word' id='word_1_273' title='bbox 1290 3799 1344 3852; x_wconf 87' lang='lat' dir='ltr'>wie</span> <span class='ocrx_word' id='word_1_274' title='bbox 1363 3799 1391 3852; x_wconf 88' lang='lat' dir='ltr'>in</span> 
     </span>
     <span class='ocr_line' id='line_1_33' title="bbox 300 3892 441 3947; baseline -0.014 -1"><span class='ocrx_word' id='word_1_275' title='bbox 300 3892 441 3947; x_wconf 76' lang='lat' dir='ltr'>Culext»</span> 
     </span>
    </p>

    <p class='ocr_par' dir='ltr' id='par_1_7' title="bbox 297 3984 1392 4159">
     <span class='ocr_line' id='line_1_34' title="bbox 368 3984 1392 4058; baseline 0 -19"><span class='ocrx_word' id='word_1_276' title='bbox 368 3984 408 4058; x_wconf 81' lang='lat' dir='ltr'>(r)</span> <span class='ocrx_word' id='word_1_277' title='bbox 428 3986 486 4039; x_wconf 92' lang='lat' dir='ltr'>Hic</span> <span class='ocrx_word' id='word_1_278' title='bbox 504 3987 731 4053; x_wconf 87' lang='lat' dir='ltr'>praetermittere</span> <span class='ocrx_word' id='word_1_279' title='bbox 750 4003 809 4039; x_wconf 92' lang='lat' dir='ltr'>non</span> <span class='ocrx_word' id='word_1_280' title='bbox 828 4003 982 4053; x_wconf 90' lang='lat' dir='ltr'>possumus</span> <span class='ocrx_word' id='word_1_281' title='bbox 1009 3985 1080 4054; x_wconf 92' lang='lat' dir='ltr'>quin</span> <span class='ocrx_word' id='word_1_282' title='bbox 1099 4003 1276 4054; x_wconf 84' lang='lat' dir='ltr'>magnopere</span> <span class='ocrx_word' id='word_1_283' title='bbox 1296 3984 1392 4039; x_wconf 92' lang='lat' dir='ltr'>laude-</span> 
     </span>
     <span class='ocr_line' id='line_1_35' title="bbox 297 4078 1392 4159; baseline -0.002 -25"><span class='ocrx_word' id='word_1_284' title='bbox 297 4097 361 4141; x_wconf 86' lang='lat' dir='ltr'>mus</span> <span class='ocrx_word' id='word_1_285' title='bbox 378 4082 456 4159; x_wconf 84' lang='lat' dir='ltr'>hune</span> <span class='ocrx_word' id='word_1_286' title='bbox 474 4081 594 4135; x_wconf 87' lang='lat' dir='ltr'>doctum</span> <span class='ocrx_word' id='word_1_287' title='bbox 613 4080 715 4147; x_wconf 91' lang='lat' dir='ltr'>virum,</span> <span class='ocrx_word' id='word_1_288' title='bbox 736 4081 796 4151; x_wconf 88' lang='lat' dir='ltr'>qui,</span> <span class='ocrx_word' id='word_1_289' title='bbox 817 4088 941 4136; x_wconf 85' lang='lat' dir='ltr'>aetatem</span> <span class='ocrx_word' id='word_1_290' title='bbox 959 4081 988 4134; x_wconf 92' lang='lat' dir='ltr'>in</span> <span class='ocrx_word' id='word_1_291' title='bbox 1008 4081 1109 4135; x_wconf 89' lang='lat' dir='ltr'>litteris</span> <span class='ocrx_word' id='word_1_292' title='bbox 1128 4081 1247 4146; x_wconf 78' lang='lat' dir='ltr'>ducenS,</span> <span class='ocrx_word' id='word_1_293' title='bbox 1267 4078 1392 4147; x_wconf 90' lang='lat' dir='ltr'>plurima</span> 
     </span>
    </p>
   </div>
   <div class='ocr_carea' id='block_1_6' title="bbox 0 0 1696 5212">
    <p class='ocr_par' dir='ltr' id='par_1_8' title="bbox 0 0 1696 5212">
     <span class='ocr_line' id='line_1_36' title="bbox 0 0 1696 5212; baseline 0 2"><span class='ocrx_word' id='word_1_294' title='bbox 0 0 1696 5212; x_wconf 95' lang='lat' dir='ltr'> </span> 
     </span>
    </p>
   </div>
  </div>
 </body>
</html>
