3384 5212
787 528 925 581 ,43-

308 665 488 727 fortunatos
512 664 659 738 nimium,
683 686 742 727 sua
765 668 796 726 si
816 667 894 726 bona
917 668 1077 726 norz'nt-
1091 664 1280 745 Agricolas!
1307 664 1404 744 Quod

308 798 381 839 cum
406 786 500 854 poeta
525 795 677 836 unacum
696 773 827 854 reliquis
843 774 1056 855 agricolarum
1073 775 1303 854 voluptatibus,
1321 788 1405 855 post·

308 880 405 968 quam
431 908 542 949 eorum
568 887 715 967 ingentes
743 908 835 948 curas
866 898 1053 965 persecutus
1084 901 1176 961 esset,
1204 888 1405 950 animadver-

308 998 411 1070 tisset,
438 997 541 1058 noluit
564 997 803 1077 certe—quod
833 998 967 1078 quidem
999 999 1088 1083 Hild.
1115 999 1147 1060 in
1189 999 1291 1063 Colice
1314 1000 1405 1062 intel·

308 1108 481 1188 legendum
506 1107 855 1187 censuit-agricolas
882 1129 1009 1186 semper
1031 1105 1404 1188 srui²voluptatibusad

308 1222 443 1285 firmare.

395 1332 476 1404 Sed,
507 1343 543 1393 ut
572 1332 614 1394 ad
646 1332 789 1394 Culicem
815 1332 999 1407 redeamus,
1031 1355 1088 1395 cur
1119 1334 1302 1396 mirandum
1335 1347 1423 1397 erate

306 1442 395 1520 quod
421 1452 525 1519 poeta,
551 1453 623 1520 post
646 1442 871 1504 suavissimam
896 1443 983 1505 illam
1008 1444 1202 1523 capellarum
1219 1445 1413 1524 descriptio-v

307 1576 378 1616 nem
398 1554 430 1615 in
448 1565 556 1615 monte
580 1553 790 1633 pascentium,
816 1555 953 1632 pastoris
977 1556 1158 1618 condicioni
1176 1568 1339 1638 tamquam
1358 1558 1403 1619 in·

305 1666 429 1737 videns,
455 1679 620 1745 pastorum
645 1667 791 1728 omnium
817 1668 1050 1730 beatitudinem
1074 1669 1142 1731 suis
1165 1671 1311 1732 versibus
1334 1693 1403 1749 per·

305 1790 433 1840 secutus
457 1780 566 1841 esset?

394 1892 499 1951 Nemo
522 1902 571 1952 est
594 1890 680 1952 enim
704 1912 762 1952 sua
792 1902 878 1952 sorte
908 1903 1100 1965 contentus;
1133 1914 1237 1973 neque
1268 1894 1401 1956 fortasse

304 1999 365 2060 suit
388 2000 562 2080 Vergilius,
587 2001 653 2080 qui,
678 2022 718 2062 ex
742 2000 829 2080 agris
854 2000 1040 2063 Mantuanis
1063 2002 1129 2080 vix,
1153 2014 1189 2064 ut
1213 2002 1257 2064 ita
1283 2003 1399 2076 dicam,

305 2135 460 2187 reversus,
484 2113 743 2194 frequentissima
769 2114 800 2175 in
826 2114 904 2176 urbe
928 2114 1088 2176 diversam
1112 2115 1212 2177 vitam
1237 2137 1332 2196 agere
1356 2115 1401 2178 in-

304 2228 432 2307 ciperet.

392 2341 452 2401 Vv.
480 2345 609 2415 98-162.
948 2419 949 2422 Ἴ

393 2450 439 2511 Ut
462 2449 516 2510 illa
539 2449 697 2530 omittam,
721 2470 804 2528 quae
828 2450 916 2528 apud
931 2471 988 2510 nos
1006 2448 1103 2511 nimis
1119 2460 1247 2522 temere,
1267 2461 1302 2511 ut
1318 2472 1398 2522 reor,

302 2562 529 2624 animadvertit
552 2562 704 2642 Scaliger,
730 2563 845 2624 horum
869 2583 1021 2624 versuum
1045 2563 1192 2625 ordinem
1217 2564 1313 2644 longe
1336 2565 1399 2627 alio

303 2680 399 2741 modo
425 2680 659 2742 restituendum
684 2690 782 2752 ratuS,
810 2680 871 2740 hoc
895 2679 964 2740 loco
989 2681 1214 2742 tantummodo
1230 2682 1397 2743 ostendam
1437 2722 1446 2739 .

301 2815 365 2872 qua
389 2794 549 2856 sententia
573 2816 625 2859 vv.
643 2799 762 2871 98·103
788 2805 872 2855 recte
896 2815 968 2855 curn
986 2793 1250 2856 antecedentibus
1267 2794 1398 2855 coniun-

301 2918 429 2986 gantur.
457 2906 662 2968 Laudaverat
677 2917 778 2967 *antea
803 2917 897 2984 poeta
920 2905 1102 2984 voluptates
1133 2927 1254 2977 omnes,
1279 2907 1398 2986 quibus

301 3020 448 3082 homines
471 3021 532 3082 srui
556 3031 688 3099 possent
700 3020 776 3092 ruri,
793 3021 989 3099 beatumque
1003 3031 1163 3099 pastorem
1181 3020 1398 3098 appellaverat

300 3130 355 3210 qui
380 3133 523 3192 aemulus
545 3133 680 3192 Ascraeo
689 3137 808 3211 poetae,
826 3130 1007 3192 traduceret
1018 3149 1163 3191 securam
1176 3128 1287 3194 vitam.
1301 3132 1397 3192 Nunc

304 3241 454 3303 «talibus
479 3242 511 3303 in
535 3240 661 3313 studiis
686 3241 731 3302 ait
754 3240 886 3321 (scilicet
915 3261 979 3302 non
1010 3240 1102 3302 aliter
1131 3262 1169 3302 ac
1193 3252 1302 3319 pastor
1326 3242 1394 3316 iste,

299 3374 396 3433 quem
421 3373 524 3431 nuper
546 3352 719 3433 laudavi)»
748 3352 861 3414 baculo
885 3351 962 3414 dum
980 3351 1076 3413 nixus
1092 3351 1216 3431 apricas
1232 3389 1269 3397 —
1284 3354 1397 3415 Pastor

299 3464 368 3543 agit
391 3485 483 3525 curas
497 3464 570 3546 (hoc
585 3464 654 3526 loco
670 3484 747 3525 vero
760 3463 975 3525 redundantia
991 3462 1045 3524 illa
1061 3463 1215 3525 orationis
1227 3464 1393 3542 reperitur,

298 3593 396 3652 quam
420 3594 438 3633 a
462 3573 607 3653 Vergilio
631 3594 696 3634 non
720 3593 789 3634 esse
804 3572 941 3634 alienam
958 3594 1056 3651 supra
1071 3572 1214 3634 diximus
1231 3572 1263 3634 in
1281 3595 1311 3652 p.
1330 3578 1393 3655 34),

243 3682 245 3686 ’
298 3696 330 3746 et
354 3686 431 3745 dum
457 3706 522 3747 non
546 3697 615 3748 arte
638 3707 754 3747 canora
777 3697 943 3765 compacta
970 3685 1100 3747 solitum
1133 3687 1319 3749 modulatur
1341 3687 1394 3748 ha-

299 3797 437 3858 rundine
461 3819 588 3860 carmen
614 3803 787 3878 (pastorem
810 3797 896 3859 enim
928 3799 1046 3859 calamo
1076 3801 1227 3859 recinente
1250 3800 1397 3878 palustri

298 3913 341 3987 (v.
362 3914 416 3986 72)
439 3909 601 3970 aemulum
626 3891 761 3971 Ascraeo
777 3917 888 3990 poetae
909 3912 953 3988 (v.
972 3911 1027 3987 96)
1050 3921 1144 3970 antea
1157 3908 1391 3989 descripserat),

299 4019 402 4080 tendit
426 4019 572 4081 invectus
596 4020 703 4082 radios
728 4021 926 4100 Hyperionis
949 4021 1075 4082 ardor»
1103 4032 1184 4101 etqs
1209 4020 1298 4100 Quid
1332 4031 1391 4095 est,

298 4130 407 4214 igitur,
431 4132 520 4222 quod
546 4152 603 4193 nos
626 4131 769 4203 offendat
793 4131 826 4192 in
850 4131 901 4192 his
924 4130 1117 4204 versiculis?
