3384 5212
745 479 779 488 -
798 463 886 530 35ὶὲ

356 600 505 678 Namque
528 620 640 662 versus
668 620 761 676 11·19
787 603 829 680 (...
846 600 993 661 Phoebus
1016 603 1079 660 erit
1100 599 1233 665 nostri...
1251 598 1362 663 carmi·

268 707 318 770 nis
342 709 502 785 auctor...)
526 707 672 769 versibus
710 713 783 768 8·1o
807 708 929 786 optime
957 707 1151 786 respondent
1165 728 1171 778 ;
1198 708 1262 780 ubi,
1287 730 1359 769 cum

266 819 427 899 pollicitus
461 830 544 880 esset
579 830 682 898 poeta,
708 840 751 890 se,
777 819 810 878 in
834 819 1008 880 amicitiam
1033 819 1160 880 Octavii
1185 832 1358 899 receptum,

266 933 368 995 serius
390 934 592 1014 (posterius...
618 934 771 1010 loquetur)
797 933 943 993 meliores
967 953 1078 994 versus
1102 932 1271 1026 facturum,
1296 933 1360 994 iam

267 1045 452 1126 Apollinem
471 1047 634 1124 (graviore
648 1045 733 1121 sono)
750 1043 992 1122 quodammodo
1016 1043 1174 1123 designat,
1197 1055 1359 1105 auctorem

267 1157 480 1238 posteriorum
505 1156 693 1217 carminum.
719 1157 814 1216 Nunc
831 1167 955 1216 tantum
974 1155 1095 1218 Naides
1111 1167 1190 1227 orat,
1217 1167 1262 1232 ut,
1281 1156 1359 1216 dum

267 1273 335 1351 ipse
357 1283 515 1350 agrestem
541 1271 668 1331 Musam
693 1270 837 1331 culturus
861 1270 912 1341 sit,
937 1270 1099 1331 celebrent
1121 1271 1212 1330 deum
1240 1270 1362 1330 ludente

265 1391 395 1459 choream
421 1387 527 1448 Palem
556 1398 663 1448 autem
701 1387 828 1448 invocat
860 1389 991 1466 (zo-23),
1017 1386 1050 1447 id
1086 1387 1174 1465 quod
1198 1386 1361 1467 Vergilius

265 1501 366 1561 lacere
389 1499 503 1561 solitus
526 1510 574 1560 est
599 1497 648 1577 (cs.
680 1498 795 1577 Georg.
822 1498 867 1558 ΙΙΙ
895 1518 921 1570 1,
950 1502 1068 1576 294···)›
1094 1509 1129 1558 ut
1153 1497 1221 1576 ipse
1256 1507 1361 1575 pasto·

266 1633 336 1673 rum
360 1612 496 1672 virtutes
532 1620 616 1670 recte
651 1609 753 1688 possit
788 1629 911 1681 canerc;
929 1609 1070 1689 denique
1093 1611 1239 1682 Octavio,
1264 1632 1360 1690 quem

264 1734 410 1785 sanctum
435 1742 570 1801 puerum
594 1720 744 1798 appellat,
770 1721 853 1781 bona
888 1732 978 1799 optat
1013 1721 1132 1793 omnia,
1159 1743 1223 1783 non
1255 1722 1359 1783 solum
1452 1762 1456 1770 -

266 1852 323 1911 per
345 1843 445 1893 totam
471 1830 579 1901 vitam,
605 1829 781 1890 sedetiam
818 1841 891 1908 post
928 1840 1062 1890 mortem
1090 1829 1177 1908 apud
1213 1829 1360 1908 Elysium

267 1950 330 2025 (24,
358 1945 479 2022 37·41)·

355 2057 453 2137 Quod
488 2057 586 2119 obicit
621 2058 780 2129 Hildebr.,
817 2057 887 2118 illas
926 2068 1106 2129 «sancte»,
1135 2055 1241 2116 «sede
1275 2054 1328 2132 pia
1340 2080 1358 2113 »

266 2169 443 2231 locutiones
478 2190 547 2231 esse
583 2169 791 2239 ChristianaS‚
816 2169 857 2229 ob
882 2168 914 2228 id
939 2167 1043 2240 ipsum
1070 2168 1129 2228 hos
1152 2187 1264 2228 versus
1296 2188 1360 2228 non

266 2301 359 2358 posse
382 2279 479 2340 tribui
504 2279 658 2358 Vergilio,
686 2279 719 2340 id
743 2279 820 2339 satis
844 2299 942 2358 grave
967 2278 1045 2339 mihi
1071 2299 1135 2339 non
1159 2278 1298 2343 videtur.

356 2392 422 2452 Iam
449 2390 538 2454 Hild.
565 2391 633 2469 ipse
655 2392 697 2469 (p.
724 2392 833 2467 33-34)
858 2389 1005 2450 concedit
1028 2389 1194 2468 complura
1222 2389 1360 2451 inveniri

265 2502 412 2580 exempla
423 2502 510 2579 apud
523 2512 646 2563 veteres
658 2503 824 2561 Romanos
837 2499 1017 2578 scriptores
1028 2520 1111 2578 quae
1124 2520 1182 2578 pro
1198 2512 1358 2561 «sancte»

265 2610 414 2689 apposito
437 2611 556 2682 dicant;
581 2611 637 2672 sed
662 2610 723 2672 hoc
747 2610 888 2688 praecise
912 2620 1009 2688 negat
1026 2612 1118 2690 piam
1141 2610 1241 2669 sedem
1265 2609 1362 2671 fuisse

263 2723 350 2800 apud
376 2723 522 2802 Elysium
549 2705 781 2792 Romanorum,
808 2720 840 2780 in
865 2740 930 2800 qua
954 2719 1068 2797 optimi
1094 2720 1241 2780 homines
1269 2721 1361 2781 beata

265 2835 333 2896 vita
356 2836 538 2896 fruerentur
560 2837 573 2912 (
595 2837 615 2914 ).

354 2944 457 3004 Nemo
474 2942 601 3003 dubitat
617 2935 696 3021 quin
713 2940 948 3020 antiquissimis
961 2940 1162 3019 temporibus
1177 2939 1257 3000 nihil
1274 2940 1361 3019 apud

265 3057 398 3117 Tartara
415 3057 594 3118 interfuerit
617 3056 701 3118 inter
725 3055 867 3134 praemio
884 3067 915 3116 et
932 3077 1034 3129 poena
1051 3056 1179 3116 affectos
1203 3054 1360 3125 homines,

264 3167 384 3229 scilicet
408 3168 491 3229 inter
515 3168 631 3229 malam
656 3179 688 3228 et
712 3167 798 3245 piam
822 3165 941 3238 sedem,
968 3178 1003 3226 ut
1027 3166 1218 3228 recentiores
1238 3165 1361 3238 dicunt;

264 3278 321 3338 sed
345 3278 432 3356 apud
458 3280 637 3339 Homerum
662 3278 738 3358 (od.
764 3277 818 3336 IV.
846 3282 909 3353 563
934 3280 1007 3356 sqq)
1034 3277 1179 3355 Elysium
1216 3297 1280 3337 non
1317 3276 1362 3336 in-

264 3389 361 3451 fernis
385 3389 463 3451 locis
487 3391 645 3462 additum,
671 3391 727 3451 sed
752 3390 784 3450 in
809 3390 964 3451 extremis
988 3401 1090 3452 terrae
1114 3389 1259 3468 partibus
1283 3389 1361 3451 citra

266 3503 432 3562 Oceanum
457 3502 598 3581 positum
623 3501 686 3563 iarn
712 3502 904 3566 invenimus

334 3773 374 3845 (Ι)
394 3777 488 3829 Unser
508 3778 626 3831 Dichter
655 3778 731 3831 stellt
757 3778 816 3830 ihm
845 3793 899 3829 nur
925 3776 1009 3830 einen
1031 3777 1108 3829 Platz
1127 3794 1173 3828 am
1193 3774 1362 3827 Wohnsitze

265 3871 315 3921 cler
334 3870 489 3923 Frommen
509 3872 538 3923 in
558 3872 741 3934 Aussicht...,
762 3871 790 3922 d.
812 3870 841 3923 l1.
857 3870 896 3922 im
911 3869 1049 3935 Elysium,
1071 3870 1099 3922 in
1120 3869 1171 3921 das
1181 3868 1212 3935 ja
1225 3869 1298 3920 auch
1312 3868 1359 3920 die

266 3959 388 4027 iibrigen
417 3963 535 4015 Heroen
564 3963 710 4029 kommen,
732 3961 792 4015 und
820 3961 871 4017 das
901 3961 938 4014 ist
965 3960 1128 4014 christliche
1148 3959 1356 4026 Anschauung.

268 4051 308 4123 (n-
329 4052 385 4124 32)-
