3384 5212
773 481 915 534 ..5ο-

296 619 462 682 mentione
486 617 667 697 complures
691 615 762 677 viri
776 615 992 687 inveniantur,
1016 636 1099 694 quos
1111 626 1215 694 poeta,
1230 628 1266 678 ut
1279 615 1393 677 luliam

299 743 429 812 gentem
455 731 487 791 in
513 730 616 791 maius
640 728 816 799 extolleret,
833 740 926 789 recte
949 749 986 789 ac
1011 728 1127 790 merito
1150 728 1332 792 celebravit.

386 846 447 929 Vv.
474 849 626 920 385-414.

385 957 498 1017 Pastor
520 975 634 1016 somno
658 953 783 1014 solutus
807 963 1053 1014 monumentum
1078 951 1171 1012 culici
1195 949 1301 1030 erigit,
1326 971 1393 1029 per-

298 1068 408 1129 multis
431 1067 564 1128 floribus
588 1077 732 1137 exornat,
758 1063 937 1144 posteritati
962 1063 1061 1125 tradit
1084 1062 1212 1123 duobus
1246 1061 1393 1124 versibus

297 1176 468 1256 inscriptis.

387 1291 513 1350 Horum
526 1306 689 1359 versuum,
701 1287 825 1366 vquibus
838 1307 953 1365 poema
965 1284 1085 1357 finitur,
1099 1283 1289 1363 complures
1307 1305 1396 1364 prae-

298 1401 391 1480 cipue
417 1405 568 1477 398·410,
594 1399 627 1460 id
651 1410 700 1459 est
722 1398 837 1459 florum
861 1396 1072 1476 enumeratio,
1094 1395 1268 1458 adulterini
1292 1395 1393 1457 habiti

298 1528 383 1581 sunt.
409 1516 581 1597 Equidem,
606 1536 647 1576 ne
671 1515 788 1594 longus
811 1514 883 1587 sim,
901 1513 1086 1575 memorabo
1103 1513 1329 1574 tantummodo
1341 1533 1394 1573 vo·
1415 1541 1416 1544 ¹

299 1629 408 1690 lumen
432 1639 582 1717 octavum
606 1639 638 1689 et
662 1627 812 1689 ultimum
844 1626 914 1688 eius
944 1625 1106 1698 editionis,
1138 1647 1236 1706 quam
1265 1627 1305 1688 de
1328 1647 1394 1688 om·

300 1741 396 1803 nibus
420 1737 555 1822 Vergilii
580 1741 732 1822 operibus
767 1740 940 1821 diligenter
971 1739 1132 1802 recensuit
1153 1751 1192 1806 et,
1208 1720 1394 1801 emendavit

300 1851 341 1918 N·
366 1851 404 1915 E.
429 1850 586 1916 Lemaire.
612 1851 677 1913 Ubi
702 1871 774 1912 cum
791 1870 911 1911 omnes
935 1849 1064 1928 plantae
1094 1847 1181 1928 apud
1213 1846 1394 1927 Vergilium

300 1971 496 2022 memoratae
520 1960 735 2032 inveniantur,
765 1980 830 2021 non
862 1980 934 2021 raro
965 1958 1146 2039 Vergilium
1177 1957 1393 2039 complurium

298 2070 414 2133 florum
440 2073 636 2162 mentionem
665 2094 730 2135 uno
765 2073 945 2152 eodemque
980 2072 1050 2135 loco
1084 2071 1196 2135 fecisse
1230 2071 1308 2134 satis
1337 2094 1391 2156 ap·

300 2194 399 2260 paret.
1364 2166 1367 2173 ¹

320 2404 323 2408 ’
389 2403 436 2464 Ut
458 2423 570 2464 eorum
595 2424 678 2483 quae
701 2403 844 2466 diximus
873 2425 1032 2466 summam
1064 2404 1229 2478 iaciamus,
1256 2427 1330 2468 curn
1354 2405 1395 2468 de

300 2513 438 2595 singulis
468 2515 584 2578 Culicis
607 2517 754 2597 partibus
777 2517 856 2579 alias
880 2517 951 2578 aliis
978 2518 1069 2589 bene,
1094 2517 1253 2579 sententia
1278 2529 1397 2592 nostra,

210 2666 213 2674 ·
299 2627 504 2707 respondere,
531 2629 687 2691 nonnulla
710 2630 937 2693 tantummodo
961 2630 993 2691 in
1017 2629 1164 2691 versibus
1190 2635 1285 2708 25·36
1309 2651 1328 2690 a
1347 2650 1398 2692 re·

297 2737 398 2817 liquis
422 2738 554 2801 dissona
578 2760 647 2802 esse
684 2739 938 2819 putavissemus,
972 2739 1031 2800 hos
1062 2759 1174 2801 versus
1197 2738 1397 2803 adulterinos

296 2929 456 2940 ——..-

298 3042 460 3108 thoumque
479 3043 610 3095 nonnulli
629 3043 682 3095 viri
694 3043 773 3097 docti
782 3043 926 3110 pertinere
937 3042 1113 3116 existimant)
1123 3044 1295 3111 Vergilium,
1307 3061 1395 3112 quem

300 3151 358 3187 non
379 3134 486 3187 infitior
495 3136 705 3190 vetustissimas
716 3137 825 3190 fabulas
836 3137 967 3190 libertate
977 3138 1102 3204 quadam
1113 3155 1200 3204 saepe
1210 3146 1394 3206 persecutum

299 3245 373 3294 esse,
395 3229 431 3281 ad
450 3246 515 3282 eam
534 3229 684 3283 audaciam
703 3229 869 3296 pervenisse
888 3238 920 3284 ut
929 3232 1045 3284 Tantali
1055 3249 1188 3298 poenam,
1204 3248 1278 3298 quae
1288 3232 1317 3284 in
1327 3248 1395 3298 pro·

297 3323 390 3375 verbii
409 3323 650 3376 consuetudinem
668 3332 796 3389 venerat,
819 3324 912 3377 Ixioni
932 3325 1120 3392 Pirithooque
1138 3326 1287 3391 tribueret,
1308 3341 1397 3392 prae·

299 3415 399 3468 sertim
427 3433 493 3470 cum
521 3417 631 3470 nullum
651 3418 688 3470 sit
705 3418 826 3471 dubium
854 3420 924 3486 quin
943 3420 1007 3486 ipse
1032 3421 1140 3474 Ixionis
1158 3438 1283 3488 poenam
1302 3423 1395 3475 versi-

300 3509 366 3562 culo
385 3514 438 3563 616
457 3509 485 3582 (u
495 3528 597 3565 saxum
615 3512 718 3580 ingens
737 3514 858 3567 volvunt
876 3515 923 3567 alii
936 3513 965 3586 v)
991 3515 1143 3569 manifesto
1171 3524 1312 3570 memoret
1330 3514 1392 3588 (cfr.

301 3604 407 3670 Georg.
428 3605 471 3657 III
491 3609 592 3673 38-39;
615 3608 655 3660 IV
674 3606 748 3678 484).
771 3609 853 3673 Quae
877 3625 944 3662 cum
966 3610 1174 3664 Snuunmmvs
1200 3611 1257 3663 iarn
1282 3610 1394 3677 pridem

299 3697 557 3763 animadvertisset,
579 3701 773 3755 coniecturam
792 3719 958 3769 proponens
972 3721 1030 3757 non
1041 3705 1160 3758 omnino
1174 3705 1394 3771 improbabilem

301 3791 329 3863 («
342 3794 448 3859 quoive
468 3811 518 3861 per
537 3803 625 3848 atra»
647 3797 681 3849 cs.
702 3797 787 3849 Sturii
803 3797 901 3850 critici
917 3814 945 3862 p.
968 3798 1061 3869 23-24)
1082 3816 1156 3865 quae
1175 3815 1261 3852 causa
1286 3798 1323 3852 sit
1344 3815 1396 3852 cur

303 3885 414 3953 ipsein
440 3886 488 3938 illa
513 3885 656 3939 Aeneidos
687 3886 824 3951 editione,
858 3903 945 3952 quam
976 3888 1051 3953 apud
1085 3889 1289 3943 Loescherium
1318 3905 1395 3943 anno

302 3979 593 4032 M.DCCC.XCVIII.
609 3979 738 4045 protulit,
754 3977 790 4032 de
804 3995 855 4032 sua
874 3981 1016 4033 sententia
1036 3980 1193 4036 decesserit
1203 3980 1243 4054 (p.
1256 3980 1395 4054 XXXVI)

299 4072 419 4127 omnino
437 4089 496 4127 non
515 4071 612 4127 video.
