3384 5212
775 506 862 571 -2'5
883 537 915 546 -

388 651 460 711 Hoc
492 648 588 710 nimis
611 671 680 711 esse
703 649 891 724 violentum,
917 673 981 713 non
1005 651 1134 716 difficile
1157 666 1237 733 puto
1260 656 1390 719 demon-

296 771 406 823 strare.
432 763 498 822 Cur
520 762 617 836 enim,
643 773 679 825 ut
701 764 850 843 exemplo
875 775 956 848 utar,
979 786 1032 830 vv.
1057 786 1175 845 42-44:

365 989 483 1067 Igneus
506 986 672 1048 aethereas
696 985 758 1047 iam
783 986 831 1048 sol
855 987 1043 1065 penetrabat
1068 988 1100 1048 in
1123 1007 1212 1050 arces

362 1098 573 1178 Candidaque
597 1111 710 1161 aurato
733 1099 899 1178 quatiebat
922 1099 1044 1161 lumina
1068 1121 1173 1171 curru,

364 1210 516 1273 Crinibus
539 1222 571 1273 et
594 1211 694 1273 roseis
718 1213 865 1272 tenebras
889 1232 1004 1272 aurora
1027 1212 1163 1291 iugarat,

293 1431 422 1510 quibua,
447 1444 521 1512 post
551 1435 755 1514 prooemium,
782 1435 895 1516 incipit
927 1436 1042 1498 Culicis
1070 1447 1308 1516 argumentum,
1334 1434 1387 1497 ha-

293 1543 389 1604 bendi
414 1557 490 1607 sunt
514 1545 696 1607 interiecti?
721 1548 832 1626 Atque
854 1558 904 1608 est
926 1548 1005 1609 haec
1029 1546 1182 1626 temporis
1205 1546 1386 1626 designatio

293 1653 325 1714 in
350 1657 507 1736 poematis
532 1658 575 1719 ita
597 1680 669 1720 cum
686 1660 830 1739 Vergilio
854 1672 1077 1732 consentanea,
1096 1671 1141 1739 ut,
1156 1660 1183 1722 si
1207 1671 1307 1722 totam
1323 1662 1384 1720 Ae·

291 1771 383 1830 neida
407 1790 647 1850 persequamur,
673 1771 839 1850 complura
864 1771 1065 1833 inveniamus
1088 1772 1235 1850 exempla
1256 1770 1384 1851 generis
1474 1784 1475 1789 ’

290 1880 444 1947 eiusdem.
470 1884 519 1943 Ex
544 1882 582 1944 iis
606 1905 706 1944 unum
732 1895 857 1945 tantum
882 1892 1044 1946 memoro:
1069 1885 1150 1949 Aen.
1175 1885 1230 1956 IV,
1256 1888 1329 1961 6-7:

359 2108 488 2168 Postera
512 2108 659 2169 Phoebea
683 2107 839 2169 lustrabat
862 2106 1011 2186 lampada
1035 2117 1144 2178 terras,

358 2219 624 2298 Humentemque
647 2240 761 2281 aurora
786 2220 860 2298 polo
884 2219 1064 2281 dimoverat
1087 2220 1245 2291 umbram;

290 2440 321 2501 in
346 2461 412 2520 quo
436 2442 599 2523 Vergilius
623 2444 689 2505 duo
723 2444 870 2506 caelestia
894 2444 939 2505 ita
962 2444 1139 2525 coniungit,
1165 2456 1200 2506 ut
1223 2443 1382 2523 posterius

289 2550 387 2627 priori
422 2551 610 2612 antecedere
639 2564 802 2630 appareat,
827 2573 900 2613 cum
937 2552 997 2614 hoc
1029 2563 1172 2631 tempore
1196 2553 1381 2632 imperfecto

288 2662 368 2724 illud
391 2663 464 2743 plus
488 2685 585 2743 quam
610 2665 749 2742 perfecto
772 2665 942 2729 describat.

378 2774 647 2838 Hildebrandtius
670 2788 788 2848 tamen,
806 2776 862 2856 qui
876 2776 908 2836 in
924 2798 954 2837 v.
971 2795 1010 2852 42
1028 2775 1107 2855 legit
1125 2787 1378 2854 «penetrarat»,

288 2902 352 2942 non
369 2902 438 2943 esse
454 2881 740 2961 versiculoss42·44
757 2882 901 2962 Vergilio
918 2882 1106 2945 tribuendos
1122 2883 1246 2945 censuit
1260 2885 1318 2963 (ι).
1336 2885 1381 2945 At

286 2990 426 3069 primum
452 2993 608 3066 omnium,
634 2993 710 3056 licet
735 2995 982 3074 «penetrabat»
1010 2995 1125 3075 legere,
1144 3007 1179 3055 ut
1202 3006 1250 3056 est
1274 2995 1306 3055 in
1330 3016 1379 3056 co·

284 3105 355 3166 dice
369 3104 633 3188 Helmstadiensi,
649 3126 708 3184 pro
728 3130 745 3163 <‹
759 3116 969 3184 penetrarat»
988 3107 1076 3185 quod
1092 3107 1225 3168 fortasse
1241 3105 1378 3168 librariis

285 3214 532 3293 neglegentibus
556 3214 764 3274 tribuendum
781 3225 830 3275 est
853 3215 904 3296 (cs.
921 3215 1016 3276 etiam
1041 3236 1124 3295 quae
1143 3215 1294 3277 disseruit
1311 3217 1377 3278 Leo

283 3327 383 3404 adp.
403 3330 522 3408 35·36);
548 3326 591 3388 ita
615 3348 666 3391 vv.
685 3346 783 3405 42-44
806 3338 838 3388 et
861 3327 1019 3389 sententia
1042 3339 1074 3389 et
1097 3328 1257 3390 locutione
1280 3329 1377 3390 simil·

283 3431 351 3493 limi
375 3445 470 3495 erunt
493 3433 681 3514 Vergiliano
705 3435 862 3514 exemplo,
881 3437 970 3516 quod
994 3457 1091 3516 supra
1115 3438 1373 3502 memoravimus.

353 3759 392 3829 (1)
412 3760 444 3814 P.
465 3775 497 3826 31
525 3760 607 3813 «Die
626 3761 716 3813 Verse
738 3760 869 3826 «lgneus
887 3761 1036 3814 aethereas
1064 3761 1120 3814 iam
1139 3762 1181 3815 sol
1209 3771 1374 3828 penetrarat

281 3853 309 3905 in
330 3870 409 3907 arces
427 3861 456 3906 et
474 3871 544 3921 qs.»
565 3862 706 3908 stammen
732 3855 899 3909 schwerlich
918 3873 976 3908 von
995 3856 1094 3922 Vergil
1113 3873 1214 3922 wegen
1243 3856 1294 3909 der
1313 3858 1373 3911 Un-

279 3944 544 4010 geschicklichkeit‚
561 3946 668 4000 welche
685 3950 783 3999 auerst
800 3946 851 4001 das
864 3946 1034 4014 Aussteigen
1047 3947 1100 4000 der
1112 3949 1211 4000 Sonne
1230 3948 1302 4000 ttber
1314 3949 1371 4003 den

281 4035 432 4099 Horizont,
452 4035 528 4087 donn
546 4043 604 4088 erst
626 4036 678 4089 das
696 4037 919 4093 Verscheuchen
943 4037 996 4090 der
1014 4037 1173 4093 Fiusternis
1195 4038 1285 4094 durch
1305 4040 1372 4108 Au-

279 4145 345 4203 rora
361 4128 507 4187 schildert.
519 4149 534 4182 »
