3384 5212
772 535 913 586 —rs-

297 683 349 735 tur
373 674 505 754 (Georg.
533 674 555 744 I,
582 676 735 750 466·514,
762 675 790 734 ΙΙ
815 680 980 751 458-511;
1005 673 1060 742 III,
1088 673 1251 748 242·283).
1280 671 1389 748 Quare

296 801 401 860 neque
424 780 618 842 versiculum
647 801 708 856 109
733 781 978 846 restituendum.
1005 799 1109 857 neque
1125 778 1187 839 luci
1205 778 1389 856 descriptio-

297 912 370 953 nem
394 890 588 952 reiciendam
613 913 682 954 esse
705 893 864 958 existimo

386 999 448 1061 Vv.
478 1004 627 1076 163-201.
848 1003 850 1007 ’

388 1111 449 1172 His
473 1111 621 1175 versibus
648 1137 666 1172 c
683 1114 834 1177 immanis
857 1115 947 1177 vario
971 1114 1150 1176 maculatus
1173 1133 1305 1191 corpore
1329 1133 1390 1173 scr-

297 1247 376 1304 pcns
392 1249 409 1283 »
438 1225 652 1298 describitur;
676 1227 743 1307 qui,
769 1228 847 1289 dum
873 1227 992 1307 pastori
1010 1225 1182 1295 dormienti
1208 1224 1389 1296 insidiatur,

297 1337 357 1399 sibi
383 1337 443 1416 ipsi
468 1349 633 1415 comparat
658 1350 803 1404 mortem.

386 1447 470 1507 Eum
495 1446 581 1508 enim
606 1448 698 1510 culex
722 1449 855 1527 quidam
880 1449 1004 1528 aspicit,
1017 1449 1073 1529 qui
1091 1461 1251 1528 pastorem
1279 1468 1391 1508 «mor-

297 1571 361 1620 tem
386 1559 488 1620 vitare
512 1572 622 1621 monet
653 1582 710 1639 per
733 1561 928 1623 acumina».
955 1564 1067 1622 Pastor
1099 1572 1205 1622 tamen
1234 1561 1392 1640 «prosilit

297 1668 492 1730 furibundus
516 1680 547 1730 et
571 1669 661 1730 illum
674 1656 713 1715 ’-
730 1670 895 1732 Obtritum
914 1671 1007 1735 morti
1027 1669 1126 1730 mittit
1141 1689 1172 1741 >›;
1197 1669 1314 1730 deinde
1329 1690 1391 1730 ser·

297 1793 425 1861 pentem
450 1781 654 1860 conspicatur
676 1794 708 1844 et
732 1783 890 1862 interficit3
907 1807 925 1841 <‹
937 1803 1033 1862 quem
1047 1792 1216 1861 postquam
1231 1783 1314 1841 etot
1324 1802 1391 1842 cae·

296 1915 367 1956 sum
393 1893 608 1974 languescere,
632 1895 758 1959 sedet».
822 1952 826 1958 .

386 2007 548 2086 Quoniam
566 2029 677 2070 omnes
690 2008 905 2080 consentiunt,
919 2007 1123 2086 praecipuam
1138 2006 1221 2068 hanc
1233 2027 1302 2068 esse
1318 2026 1390 2084 poe·

299 2118 394 2178 matis
418 2130 552 2197 partem,
577 2118 672 2180 latius
695 2118 736 2180 de
760 2118 810 2180 his
833 2117 979 2180 versibus
1004 2138 1068 2178 non
1092 2115 1207 2181 dicam.

385 2230 447 2294 Vv.
474 2236 625 2308 202·384.

387 2342 519 2420 Iamque
542 2342 788 2422 advesperascit,
817 2368 834 2402 a
850 2366 923 2404 cum
953 2364 1052 2423 grege
1083 2341 1252 2420 compulso
1283 2354 1392 2420 pastor

297 2453 537 2531 duplicantibus
561 2457 831 2519 umbris—Vadit
847 2469 878 2518 ct
895 2458 927 2518 in
941 2458 1040 2519 sessos
1058 2455 1202 2535 requiem
1220 2456 1297 2516 dare
1309 2476 1392 2515 com·

297 2577 388 2642 parat
411 2577 545 2628 artus».
577 2568 741 2648 «Effigies
764 2570 804 2630 ad
829 2590 903 2630 cum
928 2569 1038 2630 culicis
1062 2567 1192 2629 devenit
1208 2591 1238 2638 »,
1263 2567 1330 2646 qui,
1356 2578 1391 2627 ut
1437 2636 1442 2644 ,

297 2679 479 2756 sepulcrum
505 2679 606 2758 possit
630 2680 810 2759 impetrare,
838 2693 945 2742 narrat
967 2701 1050 2759 quos
1066 2680 1227 2743 cruciatus
1243 2679 1330 2757 apud
1347 2679 1392 2739 in·

297 2787 380 2848 seros
403 2799 435 2848 et
458 2788 560 2850 oculis
584 2788 693 2850 videat
716 2801 747 2850 et
771 2789 838 2866 ipse
862 2788 1011 2867 patiatur.

387 2902 546 2964 Haesere
574 2914 650 2964 sunt
672 2903 913 2965 versiculorum
945 2902 1144 2973 sententiae;
1176 2901 1256 2982 quid
1288 2900 1390 2981 magis

298 3023 549 3074 consentaneum
563 3014 576 3073 ?

385 3124 430 3183 At
465 3124 749 3195 Hildebrandtius‚
782 3145 854 3185 cum
888 3145 952 3185 non
985 3124 1069 3185 idem
1102 3123 1272 3195 sensisset,
1305 3144 1391 3184 com-

298 3236 406 3314 plures
432 3235 694 3314 interpolationes
718 3237 750 3296 in
780 3237 882 3298 Colice
906 3235 1037 3297 invenit.
1056 3235 1227 3317 Equidem,
1244 3235 1324 3314 quid
1339 3234 1390 3307 sit,

299 3368 356 3408 cur
378 3346 540 3408 somnium
566 3347 703 3425 pastoris
728 3347 754 3408 is
779 3347 811 3407 in
842 3347 945 3409 Colice
967 3368 1026 3408 suo
1040 3346 1213 3419 incluserit,
1239 3345 1391 3408 narratio-

300 3479 372 3519 nem
398 3458 509 3520 culicis
533 3459 573 3520 de
598 3459 711 3520 itinere
734 3460 775 3520 ad
801 3459 918 3520 inferos
942 3458 1096 3530 reiecerit,
1121 3459 1210 3520 nullo
1234 3458 1331 3519 modo
1348 3457 1393 3517 in·

299 3572 448 3652 tellegere
472 3593 613 3650 possum.
629 3573 818 3634 Praesertim
836 3595 909 3634 cum
927 3573 952 3634 is
969 3574 1127 3645 adfirmet,
1144 3585 1216 3634 octo
1232 3574 1390 3652 strophas

299 3684 331 3744 in
356 3704 436 3762 quas
454 3683 522 3762 ipse
545 3683 606 3745 hoc
629 3704 756 3746 carmen
781 3685 964 3756 restituerit,
990 3685 1191 3746 Donatianae
1216 3683 1390 3745 narrationi

298 3804 466 3871 tamquam
478 3791 520 3853 ad
544 3792 682 3854 litteram
707 3792 900 3872 respondere
923 3796 965 3872 (p.
992 3798 1034 3870 84
1058 3796 1129 3872 sq.).

389 3906 478 3965 Haec
501 3905 587 3965 enim
616 3917 692 3966 sunt
722 3907 809 3985 apud
842 3908 1029 3967 Donatum:
1059 3907 1208 3966 «Pastor
1230 3906 1392 3984 satagatur

298 4020 394 4085 aestu,
419 4035 488 4075 cum
511 4015 567 4074 sub
589 4015 700 4075 arbore
722 4015 922 4074 obdormisset
942 4019 973 4074 et
993 4020 1118 4093 serpens
1140 4013 1185 4074 od
1204 4014 1296 4072 illam
1313 4018 1389 4092 pro-

300 4128 427 4209 reperet,
451 4123 603 4211 epoluole
624 4123 715 4183 culex
733 4124 923 4208 provolavit,
945 4129 1037 4203 atque
1059 4123 1225 4184 interduo
1252 4128 1391 4203 temporo
