3384 5212
725 530 865 582 ,μ-

340 655 402 718 Vv.
429 663 536 735 58·97.

337 766 1341 852 nundumummmmmnummnun

251 875 401 949 tionibus,
428 878 487 939 hos
509 899 621 940 versus
644 879 843 942 adulterinos
867 892 991 959 putant.

338 945 529 1051 Suntfflim
555 990 613 1069 qui
636 992 768 1054 videant
799 993 831 1054 in
864 993 903 1054 iis
927 994 1102 1073 permultas
1136 994 1340 1065 imitationes.

250 1123 322 1163 cum
356 1103 535 1182 praeclaros
571 1105 797 1184 Georgicorum
832 1107 896 1188 (11,
932 1109 1099 1186 458-474)
1134 1117 1166 1166 et
1202 1106 1342 1168 Lucretii

250 1217 302 1295 (II,
330 1219 438 1294 23-26)
473 1237 585 1278 versus
619 1218 845 1289 meminerint;
881 1229 958 1280 sunt
980 1219 1036 1298 qui
1060 1230 1175 1298 putent
1202 1219 1268 1281 veri
1304 1218 1343 1279 si·

250 1326 324 1387 mile
348 1347 413 1388 non
437 1348 516 1410 esse,
545 1339 581 1390 ut
604 1339 698 1408 poeta
733 1339 798 1390 tam
829 1330 925 1410 longe
948 1331 989 1391 ab
1011 1343 1204 1410 argumento
1231 1330 1273 1391 sit
1296 1330 1342 1390 di·

248 1459 377 1517 gressus
402 1439 434 1500 in
452 1452 616 1518 pastorum
642 1440 792 1502 laudibus
816 1441 987 1513 canendis;
1012 1453 1088 1503 sunt
1112 1442 1252 1521 denique
1275 1441 1343 1520 qui,

249 1572 321 1612 cum
347 1572 480 1632 magnas
496 1552 692 1614 arbitrentur
707 1573 776 1614 esse
792 1573 894 1624 curas,
912 1574 995 1632 quae
1010 1553 1043 1614 in
1056 1554 1160 1632 capris
1174 1553 1342 1633 pascendis

250 1662 325 1740 poni
349 1663 498 1744 debeant,
523 1663 657 1725 omnino
679 1664 859 1744 pugnantia
875 1665 1037 1743 reperiant
1059 1686 1096 1726 ea
1119 1685 1202 1744 quae
1226 1665 1267 1726 de
1290 1686 1342 1744 pa·

249 1784 371 1834 storum
395 1772 596 1835 beatitudine
621 1772 653 1834 in
683 1774 785 1836 Culice
807 1775 966 1837 dicantur.

339 1886 499 1966 Equidem
531 1887 619 1966 quod
643 1887 685 1948 ad
710 1887 921 1948 imitationem
956 1870 1082 1961 attinet,
1105 1887 1131 1948 si
1162 1888 1276 1950 Culicis
1310 1900 1342 1952 et

255 1993 483 2072 Georgicorum
505 2015 618 2056 versus
642 2014 804 2073 compar0,
827 2016 910 2074 quae
933 2016 1029 2056 causa
1045 1995 1095 2067 sit,
1109 2016 1166 2056 cur
1189 2006 1343 2073 utrosque

250 2096 396 2187 Vergilio
420 2129 484 2169 non
509 2109 660 2178 tribuam,
685 2109 819 2170 omnino
854 2129 918 2172 non
943 2108 1048 2172 video.
1073 2110 1190 2170 Nonne
1213 2107 1280 2168 veri
1304 2107 1342 2167 si-

252 2218 327 2279 mile
350 2229 400 2279 est
423 2229 468 2290 ut,
493 2239 577 2298 quae
600 2230 693 2298 poeta
717 2219 894 2280 admodum
919 2220 1189 2290 adulescentulus,
1214 2219 1343 2298 grandi-

250 2338 314 2389 tate
337 2327 478 2406 quadam
502 2329 674 2390 verborum
700 2349 787 2398 usus,
802 2328 1018 2408 quadraginta
1036 2327 1181 2389 versibus
1196 2326 1340 2398 dixisset,

248 2440 371 2511 eadem,
395 2439 550 2520 grandior
565 2440 677 2510 sactus
695 2440 764 2514 sim¹
783 2441 874 2501 licius
891 2453 988 2519 atque
1003 2420 1183 2519 elegantius
1206 2450 1341 2518 septem-

197 2586 199 2590 >
249 2546 351 2606 (lecim
376 2547 483 2607 dicere
506 2545 672 2625 potuerit?
697 2545 761 2606 Sed
786 2567 826 2606 ne
850 2546 882 2606 in
912 2567 944 2607 re
980 2558 1056 2608 uota
1090 2557 1122 2608 et
1152 2547 1341 2626 pervulgata

233 2660 372 2725 'multus
395 2662 465 2733 sim,
490 2661 532 2723 ad
558 2661 636 2722 illud
660 2661 766 2739 veni0,
789 2663 876 2741 quod
902 2662 942 2723 de
966 2663 1166 2724 Lucretianis
1193 2662 1342 2725 imitatio·

250 2773 344 2835 nibus
368 2774 560 2836 recentiores
583 2774 817 2853 cogitaverunt.

338 2888 410 2948 Hoc
432 2887 564 2966 quidem
589 2887 681 2947 initio
704 2887 833 2947 firmum
857 2897 1084 2966 argumentum
1112 2884 1250 2954 videtur,
1275 2905 1341 2963 quo

248 2994 441 3056 adulteratio
465 2995 556 3057 nullo
580 2997 675 3057 modo
700 2996 802 3074 possit
826 2995 1027 3075 impugnari3
1052 2995 1108 3056 sed
1132 2994 1228 3065 idem,
1245 2994 1271 3054 si
1288 3015 1342 3053 an-

247 3107 449 3188 antiquitatis
481 3107 664 3170 testimonia
692 3107 866 3187 diligenter
895 3107 1054 3186 persecuti
1085 3106 1219 3176 erimuS,
1253 3105 1339 3165 haud

248 3217 339 3278 facile
362 3217 494 3278 maximi
518 3218 578 3278 erit
602 3216 765 3278 momenti.

338 3326 473 3388 Constat
500 3325 585 3386 enim
617 3326 661 3386 M.
687 3325 830 3386 Tullium
863 3326 1067 3397 Ciceronem,
1096 3345 1182 3385 anno
1214 3325 1288 3385 L1V
1311 3346 1339 3390 a.

249 3439 324 3501 Chr.
351 3461 393 3511 n.,
419 3439 497 3500 haec
525 3437 691 3516 scripsisse
722 3437 846 3518 Quinto
877 3438 966 3499 fratri
991 3443 1033 3519 (2,
1059 3456 1089 3512 9,
1116 3439 1167 3516 3):
1201 3438 1345 3497 Lucretii

243 3557 402 3632 perarata,
425 3557 463 3611 ut
483 3551 602 3621 scribas,
626 3552 671 3609 ita
694 3555 790 3608 sunt:
813 3559 894 3626 etqs

338 3663 429 3724 Sitne
452 3663 502 3722 his
519 3661 625 3722 verbis
649 3661 867 3739 cogitandum,
893 3660 1078 3720 Lucretium
1103 3679 1141 3720 eo
1164 3678 1249 3718 antio
1273 3678 1342 3718 esse

250 3790 415 3839 mortuum
441 3798 549 3848 necne,
576 3797 640 3837 non
666 3786 810 3835 nostrum
835 3785 883 3834 est
905 3774 1137 3837 demonstrare.

322 3891 418 3961 Sed,
444 3890 596 3970 quoniam
621 3889 699 3950 satis
726 3909 790 3950 non
821 3899 959 3958 constat,
993 3899 1100 3947 utrum
1133 3884 1275 3962 Quintus
1298 3904 1338 3943 an

249 4005 375 4064 Tullius
400 4002 665 4064 Lucretianorum
690 4001 868 4062 carminum
895 4000 989 4060 suerit
1011 3997 1209 4073 emendator,
1222 3995 1286 4055 veri
1303 3995 1342 4054 si-

249 4111 323 4171 mile
348 4109 424 4170 mihi
450 4109 588 4179 videtur,
621 4107 763 4167 Tullium
789 4118 820 4167 et
844 4107 1004 4185 Quintum
1032 4101 1176 4180 potuisse
1200 4099 1340 4161 Lucretii
