3384 5212
776 509 817 523 ·-
830 488 865 544 47
884 506 926 523 ..-

301 629 464 694 somnium
488 628 662 701 statuisset,
688 649 793 708 neque
825 629 886 691 hoc
906 629 1010 705 culex
1041 651 1081 690 ex
1106 629 1308 694 interfectore
1332 629 1396 694 ma-
1470 684 1487 718 .'

302 744 417 805 nifesto
440 742 594 821 petiisset,
610 741 643 801 in
657 742 740 802 hanc
755 741 948 802 sententiam
962 762 995 802 se
1007 739 1154 813 adduxit,
1169 753 1204 802 ut
1221 743 1394 805 inferorum

301 851 549 930 descriptionem
577 861 738 928 «poetam
769 851 954 910 Romanum
989 861 1181 928 argumento
1214 849 1394 922 inseruisse,

302 961 402 1022 multa
415 960 580 1022 doctrinae
596 960 794 1039 supellectile
808 960 952 1039 undique
964 971 1116 1038 congesta
1128 984 1146 1018 »
1166 971 1302 1039 putaret.
1320 963 1395 1041 Quo

302 1075 410 1135 labore
433 1074 578 1145 obrutus,
604 1084 640 1134 ut
662 1073 708 1134 ait
732 1074 808 1144 Leo,
834 1093 898 1133 rem
932 1070 1140 1151 principalem
1169 1073 1293 1135 adferre
1320 1074 1397 1135 obli-

301 1198 353 1247 tus
376 1198 434 1250 est.

390 1297 488 1377 Quod
513 1297 633 1358 nemini
658 1297 791 1358 sortasse
823 1296 1021 1376 probabitur,
1054 1273 1114 1376 qui
1135 1296 1215 1357 illud
1245 1321 1263 1354 <‹
1279 1298 1395 1360 existat

300 1429 358 1487 par
381 1409 522 1472 officium
539 1433 570 1481 ›>,
595 1409 716 1488 quibus
740 1408 847 1470 verbis
870 1408 963 1469 culex
981 1408 1143 1487 ingratum
1169 1410 1305 1488 pastoris
1329 1412 1395 1471 ani-

300 1542 388 1582 mum
414 1520 630 1600 reprehendit,
655 1542 726 1582 cum
752 1520 918 1582 versiculis
943 1539 1040 1598 4145
1066 1523 1319 1600 comparaverit:

366 1745 467 1805 Parve
489 1743 592 1815 culex,
618 1743 777 1822 pecudum
802 1755 910 1804 custos
935 1744 993 1805 tibi
1024 1744 1086 1805 tale
1103 1746 1236 1807 merenti

364 1855 501 1918 marera
522 1859 657 1937 afficiam
680 1856 765 1918 vitae
788 1878 847 1936 pro
871 1878 1002 1918 munere
1026 1857 1141 1920 reddit.

388 2078 458 2139 Nisi
484 2078 564 2140 sorte
587 2099 671 2157 quae
701 2079 798 2140 verba
829 2078 940 2140 culicis
972 2092 1181 2142 monumento
1210 2094 1320 2160 pastor
1349 2082 1394 2143 in-

299 2185 436 2264 scripsit,
462 2207 498 2247 ea
524 2187 612 2247 nullo
637 2186 734 2248 modo
758 2185 911 2247 videntur
933 2186 1093 2248 versiculo
1126 2208 1187 2265 231
1223 2211 1317 2268 posse
1347 2213 1393 2252 re·

299 2298 467 2376 spondere.
493 2299 654 2368 Ceterum,
679 2318 753 2358 cum
778 2298 844 2358 veri
869 2299 974 2359 simile
998 2300 1039 2360 sit
1054 2337 1093 2346 -—
1109 2312 1143 2361 ut
1160 2300 1220 2362 hoc
1237 2302 1306 2380 ipso
1323 2303 1393 2365 loco

299 2406 468 2466 ostendam
483 2442 526 2451 —
546 2406 663 2465 Calices
686 2418 812 2483 poetam
839 2407 1044 2468 Homericam
1070 2408 1242 2471 inferorum
1256 2411 1394 2490 descrip-

303 2518 424 2578 tionem
451 2517 612 2578 imitatum
637 2538 716 2589 esse,
741 2519 977 2597 Elpenorisque
1007 2522 1105 2582 verba
1129 2523 1239 2584 culicis
1266 2525 1331 2586 sint
1355 2526 1395 2586 si·

298 2628 386 2690 milia
408 2631 459 2707 (cl.
491 2629 559 2692 Cal.
587 2648 603 2688 2
609 2648 681 2706 30·²
687 2648 724 2704 31
752 2630 840 2689 νιοαό
852 2633 895 2690 rit
904 2637 1005 2708 grata
1022 2633 1175 2703 voluntas,
1191 2635 1317 2696 Existat
1326 2643 1394 2716 par

298 2741 470 2806 officium...
496 2762 568 2802 cum
599 2741 657 2804 Od.
682 2741 739 2805 XI.
767 2757 885 2818 71-73:
912 2737 996 2804 ἔνθα
1021 2738 1052 2805 σ’
1073 2738 1197 2827 ἔπειτα,
1221 2743 1318 2828 ἅναξ,
1341 2744 1393 2810 κέ-

298 2860 394 2936 λομαι
418 2857 609 2938 μνήσασθαι
626 2851 723 2934 ἐμεῖο.
739 2855 800 2936 Μή
812 2849 840 2934 μ’
857 2853 1021 2918 ἄκλαυτον
1034 2855 1185 2919 ἄθαπτον
1199 2857 1259 2920 ἰὼν
1271 2858 1392 2922 ὄπιθεν

297 2965 505 3028 καταλείπειν
539 2944 761 3048 Νοσφιοθείς,
764 3012 806 3028 .....
808 2960 821 3050 )
858 2975 983 3042 poterat
1013 2976 1107 3043 poeta
1139 2965 1278 3043 sepulcri
1307 2987 1393 3026 men-

299 3075 419 3135 tionem
436 3096 705 3154 supervacaneam
719 3074 852 3136 sortasse
865 3088 987 3154 putare.
1003 3078 1098 3137 Nunc
1110 3076 1190 3156 quid
1203 3076 1244 3138 de
1258 3078 1391 3138 Homeri

299 3185 478 3247 imitatione
501 3186 711 3266 cogitandum
736 3186 778 3247 sit
801 3186 981 3251 videamus.
1005 3187 1040 3248 Si
1066 3187 1238 3248 inferorum
1254 3174 1393 3267 descrip-

298 3297 411 3369 tioneS,
435 3318 519 3376 quae
542 3296 673 3362 suntin
704 3297 839 3374 Odyssea
863 3296 896 3356 in
927 3296 1028 3358 Caeliae
1044 3296 1076 3356 in
1090 3298 1234 3370 Aeneide,
1260 3298 1342 3360 inter
1357 3320 1392 3360 se

298 3420 533 3487 comparantur,
558 3408 691 3469 Culicem
703 3406 835 3486 propius
847 3405 889 3467 ad
907 3408 1075 3486 Odysseam
1087 3430 1183 3488 quam
1197 3411 1238 3470 ad
1252 3412 1391 3472 Aeneida

297 3520 448 3581 accedere
471 3520 638 3600 reperitur.

388 3632 538 3710 Namque
568 3630 657 3709 apud
690 3631 869 3690 Homerum
901 3631 990 3708 (568)
1022 3650 1085 3691 non
1116 3630 1209 3692 aliter
1236 3644 1334 3713 atque
1358 3633 1390 3694 in

304 3743 418 3804 Calices
440 3755 570 3804 auctore
585 3744 677 3822 (374)
692 3743 834 3804 Minoem
851 3742 999 3803 videmus
1015 3744 1221 3803 Tartarorum
1240 3742 1389 3824 iudicem,

185 3926 187 3931 Ι
298 3856 353 3916 ubi
379 3856 515 3918 Aloidae
538 3857 655 3935 Tityus
679 3857 835 3917 Tantalus
858 3855 1019 3933 Sisyphus
1035 3854 1210 3916 notissimis
1224 3855 1390 3934 suppliciis

200 3974 203 3979 ’
297 3967 522 4028 excruciantur
547 3970 621 4049 (Od.
648 3973 799 4045 568-600,
831 3968 897 4029 Cal.
925 3986 1076 4045 231·257‚
1103 3972 1278 4047 372-378);
1302 3970 1390 4048 apud

297 4089 472 4157 utrumque
496 4091 624 4158 poetam
649 4078 682 4138 in
707 4078 818 4158 Elysio
841 4078 1035 4140 clarissimae
1052 4079 1201 4141 mulieres
1224 4101 1242 4140 a
1266 4082 1390 4144 Proser-
