3384 5212
818 416 957 496 “³3’‘

338 566 492 640 adverbii,
517 588 601 648 quae
623 580 672 630 est
695 568 727 629 in
751 568 902 630 versibus
924 574 963 629 26
987 578 1020 630 et
1044 587 1096 644 303
1121 566 1221 630 mirus
1246 566 1299 629 ille
1321 567 1434 629 verbo·

339 701 409 740 runi
435 681 524 751 ordo,
549 681 604 760 qui
630 683 838 742 vehementer
872 680 1007 740 offendit
1042 679 1074 740 in
1111 679 1277 741 versiculis
1303 685 1342 739 28
1368 678 1435 758 (Gi-

337 804 455 870 ganteo
479 814 588 870 sparsa
604 804 652 854 est
667 814 750 873 quae
773 792 931 870 sanguine
956 791 1060 867 tellus)
1084 803 1116 853 et
1134 811 1230 868 31·32
1255 793 1341 870 (Non
1366 812 1435 870 per·

338 900 441 961 sossus
466 901 570 963 Athos
591 914 652 963 ‘nec
677 923 795 982 magno
819 902 947 963 vincula
972 914 1071 981 ponto
1089 904 1173 965 lacta
1191 925 1261 965 meo
1277 916 1435 982 quaerent

339 1013 401 1074 iam
426 1035 495 1075 sera
518 1015 683 1077 volumine
711 1017 853 1091 famam);
878 1016 966 1086 haec,
991 1037 1063 1076 cum
1082 1015 1113 1076 in
1132 1016 1263 1096 reliquis
1287 1016 1434 1077 versibus

338 1125 400 1185 iam
427 1146 490 1185 non
523 1127 737 1198 inveniantur,
762 1128 828 1190 veri
853 1128 957 1190 simile
980 1139 1028 1188 est
1050 1128 1091 1188 ab
1114 1127 1177 1188 alio
1201 1138 1304 1205 poeta,
1330 1139 1366 1188 ut
1390 1127 1434 1188 ita

339 1237 453 1308 dicam,
478 1237 617 1309 fluxisse,
643 1240 698 1318 qui
727 1261 818 1302 suam
853 1239 1033 1301 doctrinam
1068 1239 1237 1300 ostendere
1267 1239 1432 1305 voluisset.

339 1346 469 1424 Atque,
494 1369 567 1409 curn
604 1348 636 1408 in
672 1350 776 1410 Aetna
810 1361 982 1428 antequam
1019 1360 1246 1428 argumentum
1280 1348 1431 1427 incipiat,

338 1456 451 1517 eodem
476 1459 540 1519 fere
564 1460 661 1520 modo
684 1471 782 1538 atque
806 1459 837 1519 in
869 1458 971 1520 Culz'ce
993 1461 1159 1538 complura
1194 1461 1335 1521 carmina
1355 1482 1434 1549 ⁴me-

340 1581 514 1640 morentur‚
533 1569 565 1629 in
582 1571 701 1649 quibus
717 1572 840 1632 fabulas
856 1572 1013 1650 persecuti
1030 1572 1095 1632 sint
1111 1584 1223 1648 poetae
1239 1572 1290 1652 (cf.
1308 1593 1361 1637 vv.
1379 1593 1434 1648 41-

300 1702 303 1706 ·
338 1680 431 1757 sqq),
457 1679 517 1741 hoc
542 1681 680 1742 maxime
704 1681 849 1769 suspicor
872 1682 966 1760 [quid
994 1693 1101 1742 autem
1136 1681 1225 1741 aliud
1261 1681 1334 1743 licet
1370 1682 1431 1743 nisi

338 1789 548 1868 suspicari?):
580 1792 695 1852 Culicis
728 1814 840 1854 versus
867 1798 962 1869 25-36
986 1793 1027 1852 ab
1051 1814 1088 1854 eo
1120 1793 1190 1872 ipso
1224 1805 1319 1871 poeta
1355 1793 1433 1854 inte·

340 1900 453 1963 riectos
477 1924 554 1976 esse,
580 1906 636 1983 qui
660 1908 781 1966 Aetnae
796 1918 879 1966 esset
901 1917 1021 1976 auctor,
1047 1905 1177 1984 quique,
1202 1927 1275 1966 cum
1300 1906 1434 1967 sortasse

340 2007 502 2088 ignoraret
518 2033 583 2091 quo
599 2034 684 2072 anno
702 2013 864 2091 Vergilius
887 2012 1021 2072 Culicem
1044 2012 1233 2090 scripsisset,
1259 2013 1431 2074 Octavium

339 2123 557 2184 venerandum
583 2137 690 2202 posset
713 2125 883 2202 appellare.

430 2236 476 2294 lta
493 2235 583 2295 facile
600 2236 797 2315 intellegitur
814 2235 892 2295 illud
918 2237 1159 2297 «venerande»
1186 2235 1227 2296 de
1243 2256 1309 2314 quo
1325 2236 1434 2297 etiam·

340 2364 426 2405 nunc
450 2345 536 2405 docti
561 2345 707 2406 homines
732 2365 926 2425 magnopere
950 2345 1130 2423 disceptant
1155 2346 1237 2406 inter
1260 2367 1303 2409 se.

428 2458 488 2517 Vv.
514 2474 621 2533 42-57.

429 2565 490 2625 His
514 2565 659 2626 versibus
684 2565 797 2643 incipit
821 2565 970 2636 narratio,
995 2586 1078 2644 quae
1103 2565 1145 2626 ita
1169 2577 1217 2627 est
1241 2566 1379 2645 perfecta
1402 2577 1434 2627 et

340 2674 490 2755 iucunda,
508 2687 543 2735 ut
560 2675 639 2735 nihil
665 2675 696 2735 in
721 2697 758 2736 ea
782 2675 951 2753 exprobari
976 2675 1086 2753 possit.
1105 2677 1212 2753 Quam
1237 2687 1322 2737 arcte
1346 2675 1432 2736 enim

337 2806 389 2850 vv.
409 2805 517 2863 4244,
535 2787 653 2865 quibus
671 2787 705 2847 fit
721 2787 874 2864 temporis
891 2785 1082 2864 designatio
1098 2807 1171 2846 cum
1190 2786 1433 2865 insequentibus

337 2900 504 2961 versiculis
528 2901 779 2979 coniungantur,
797 2887 874 2961 satis
891 2900 1070 2960 ostendisse
1085 2900 1198 2961 videor
1213 2901 1281 2978 (cfr.
1299 2922 1372 2979 pag.
1393 2919 1431 2976 25

339 3022 432 3095 sqq.l;
458 3016 509 3077 hie
532 3016 628 3077 etiam
665 3017 767 3076 dicam
804 3016 922 3094 quibus
958 3015 1135 3076 rationibus
1163 3016 1340 3077 versiculus
1380 3035 1431 3092 50,

339 3125 395 3205 qui
423 3125 521 3184 salsus
557 3125 693 3183 habetur
727 3135 783 3183 aut
818 3134 997 3200 corruptus
1024 3144 1093 3183 mea
1117 3124 1249 3202 quidem
1275 3124 1433 3185 sententia

339 3233 524 3311 exprobrari
549 3253 613 3292 non
638 3232 748 3309 possit.

429 3346 502 3403 Duo
526 3343 610 3402 enim
630 3355 714 3412 sunt,
732 3364 815 3421 quae
839 3354 1005 3420 tantopere
1022 3344 1053 3402 in
1071 3343 1132 3405 hoc
1147 3344 1306 3404 versiculo
1330 3344 1433 3405 doctis

339 3453 543 3529 displiceant:
570 3462 601 3511 et
625 3451 704 3510 illud
732 3450 934 3510 «viridantia
965 3451 1142 3528 gramina»
1170 3451 1250 3512 nihil
1282 3452 1432 3523 attinens

339 3573 374 3622 ut
399 3563 562 3640 Hauptius
586 3562 779 3632 arbitratur,
804 3562 845 3622 ad
873 3561 1039 3626 «lurida...
1072 3563 1250 3641 gramina»
1282 3563 1431 3624 versiculi

339 3693 391 3751 47,
417 3686 448 3735 et
473 3674 552 3735 illud
580 3675 788 3736 «tondebant
814 3687 953 3736 tenero...
981 3697 1119 3736 morsu»
1147 3697 1211 3737 non
1236 3677 1350 3754 capris,
1376 3678 1432 3738 sed

339 3780 453 3841 ovibus
478 3781 712 3852 tantummodo
739 3781 857 3841 iudicio
882 3780 1133 3854 Hildebrandtii,
1160 3783 1363 3844 conveniens.

426 3892 490 3952 Sed
515 3892 608 3953 liceat
632 3892 786 3952 nonnulla
822 3891 860 3951 iis
895 3891 998 3952 doctis
1032 3913 1204 3970 opponere.
1231 3896 1323 3972 Quae
1354 3906 1430 3956 sunt

338 4003 436 4063 verba
459 4004 639 4082 poematis?
