3384 5212
812 528 849 540 ..
868 491 902 566 μ’
919 529 955 541 -

333 669 477 729 gnopere
499 648 635 710 dilectus
659 645 729 734 (1),
765 648 884 710 deinde
906 648 1003 711 etiam
1027 648 1119 711 heres
1155 670 1195 713 ex
1230 671 1302 713 asse
1337 660 1432 713 testa·

336 774 445 824 mento
468 762 570 824 sactus
593 772 651 826 est.
676 761 744 822 Cur
766 782 831 823 non
856 761 992 823 miratus
1014 772 1099 823 esset
1122 762 1308 843 Vergilius,
1342 761 1432 843 quod

336 901 495 959 puerum,
519 900 639 960 magno
661 879 843 958 praeditum
868 879 1021 962 ingenio,
1053 901 1148 941 suum
1173 881 1431 960 condiscipulum

336 992 536 1053 invenisset?
560 993 648 1052 Num
672 991 746 1071 quis
770 1002 867 1072 negat
898 1003 1046 1072 quartam
1078 992 1258 1072 eelogama
1286 994 1432 1075 Vergilio

335 1103 486 1182 scriptam
511 1103 610 1164 esse?
633 1115 785 1175 attamen,
810 1103 884 1182 quis
900 1125 981 1182 puer
993 1103 1037 1165 ibi
1062 1104 1213 1166 laudetur
1234 1105 1342 1192 adhuc
1364 1127 1432 1166 am·

335 1211 467 1291 bigitur.
493 1214 539 1291 (2)
568 1211 703 1272 Crth'cem
727 1222 848 1282 autem,
879 1232 952 1275 eum
976 1222 1008 1273 et
1033 1232 1169 1290 puerum
1206 1213 1431 1293 cognoscimus

335 1335 367 1384 et
389 1322 592 1402 antiquitatis
615 1321 798 1383 testimonia
814 1322 962 1402 legimus
980 1324 1127 1404 Vergilio
1140 1345 1204 1386 non
1228 1326 1432 1388 referamus?

425 1436 512 1495 Num
538 1433 695 1494 Octavius
718 1433 873 1513 indignus
897 1446 974 1506 erat,
999 1436 1050 1500 cui
1074 1457 1203 1498 carmen
1238 1438 1429 1502 dicaretur?

336 1545 556 1633 Dignissimus
578 1545 732 1624 quidem,
768 1557 805 1606 ut
827 1546 879 1607 cui
903 1547 1083 1609 avunculus
1106 1560 1190 1610 esset
1213 1550 1353 1611 Caesar:
1378 1550 1431 1612 liic

337 1677 485 1736 magnam
510 1679 548 1718 eo
572 1679 660 1719 anno
680 1658 817 1738 gloriam
840 1658 977 1737 adeptus
1001 1671 1068 1721 erat
1091 1660 1186 1721 rebus
1210 1661 1383 1739 praecipue
1398 1661 1431 1723 in

335 1767 440 1830 Gallia
463 1768 574 1848 gestis;
599 1770 686 1830 hunc
709 1770 800 1848 plebs
825 1770 965 1832 maxime
989 1771 1156 1851 diligebat
1188 1773 1275 1834 liunc
1298 1774 1432 1838 fortasse

336 1879 486 1958 plerique
509 1879 606 1940 etiam
630 1879 802 1957 sperabant
815 1900 920 1943 rerum
938 1879 1117 1958 potiturum
1132 1902 1211 1946 esse.
1228 1882 1304 1954 Cur,
1323 1883 1431 1964 igitur,

334 1991 498 2071 Vergilius
521 1996 631 2070 (quem
655 1990 787 2070 quidem
812 1990 879 2051 veri
904 1990 1008 2055 simile
1030 2003 1080 2052 est
1097 1992 1158 2058 hoe
1175 1993 1260 2054 idem
1275 2000 1432 2077 sperasse)

334 2112 447 2179 putare
471 2120 535 2161 non
560 2111 705 2178 poterat,
730 2120 784 2170 se,
811 2098 843 2158 in
879 2098 1052 2160 amicitiam
1089 2101 1219 2162 Octavii
1255 2115 1429 2182 receptum,

334 2212 434 2274 vitam
458 2211 642 2289 victurum,
675 2210 760 2273 euris
784 2211 952 2272 solutam?
977 2213 1130 2293 Namque
1151 2214 1212 2274 hoe
1235 2213 1428 2294 significant,

335 2323 396 2384 nisi
420 2322 529 2384 omnia
554 2343 605 2383 me
628 2322 752 2395 fallunt,
776 2345 808 2387 v.
834 2327 930 2385 8-10:

511 2540 674 2620 posterius
695 2541 843 2620 graviore
867 2561 948 2603 sono
970 2540 1028 2602 tibi
1053 2561 1144 2603 musa
1168 2541 1318 2624 loquetur

510 2663 628 2723 nostra,
642 2651 768 2713 dabunt
777 2673 852 2713 cum
860 2672 990 2716 securos
1003 2651 1081 2712 mihi
1094 2664 1239 2731 tempora
1246 2653 1429 2734 fructus.(3)

422 2869 509 2930 Num
534 2869 714 2950 Vergilium
740 2870 872 2931 materia
897 2869 1029 2931 minime
1052 2870 1211 2932 decebat?
1236 2871 1281 2936 At
1305 2871 1432 2936 dehac

334 2996 367 3037 re
390 2976 471 3038 infra
494 2977 649 3059 scriptum
674 2989 722 3039 est
744 2980 789 3059 (p.
817 2997 857 3055 23
881 2980 967 3061 sqq.)

332 3376 491 3387 μ--ια-ιι

403 3492 442 3566 (1)
462 3494 504 3547 cf.
525 3510 600 3561 quae
619 3493 736 3547 tradidit
755 3491 884 3548 Velleius
903 3492 952 3566 (ll.
975 3495 1020 3567 59)

404 3588 442 3659 (a)
462 3588 504 3641 Cf.
525 3596 638 3654 praeter
656 3590 764 3656 multa,
793 3606 869 3657 quae
886 3589 1040 3656 diligenter
1067 3591 1111 3644 his
1140 3590 1243 3644 diebus
1272 3591 1350 3658 apud
1369 3608 1424 3646 nos

331 3677 488 3745 disputavit
507 3681 652 3734 Cinorus
672 3682 791 3737 Pascat
813 3682 869 3750 (La
887 3682 1030 3748 questione
1047 3682 1226 3749 dell'Ecloga
1246 3684 1286 3735 IV
1300 3682 1332 3734 at·
1354 3682 1428 3735 Ver-

327 3772 412 3838 gilio,
433 3773 551 3825 Torin0.
576 3772 665 3843 1888).

402 3864 442 3937 (3)
461 3866 548 3932 Quod
567 3865 697 3920 nonnulli
716 3874 828 3933 putant,
854 3883 1020 3920 «securos»
1044 3869 1081 3921 ad
1101 3885 1202 3937 pacem
1230 3869 1309 3923 orbis
1339 3877 1426 3923 terra·

331 3977 394 4013 rum
413 3961 565 4027 pertinere,
587 3961 617 4015 id
636 3978 694 4014 non
713 3978 832 4028 possum
851 3961 957 4015 adduci
977 3970 1009 4014 ut
1028 3962 1154 4017 credam.
1177 3964 1226 4036 (V.
1247 3964 1336 4018 etiam
1359 3965 1424 4017 Luo

330 4071 360 4122 p.
386 4055 441 4128 28).
