3384 5212
770 470 913 536 „18⁵-

386 620 490 682 Venio
513 618 555 681 ad
579 623 792 689 intervallum.

385 729 420 792 Si
436 752 467 795 v.
486 748 527 808 54
544 730 806 793 consideramus:
825 733 939 793 «Haec
963 730 1108 811 (capella)
1129 738 1279 811 suspensa
1303 732 1392 810 rapit

295 847 438 920 carpente
448 845 610 903 cacumina
624 863 773 914 morsu»,
798 853 829 903 et
853 842 915 903 hoc
939 840 1036 902 modo
1062 839 1241 902 dividimus
1268 863 1285 898 (ι
1302 842 1392 901 Haec

296 970 452 1029 suspensa
465 951 548 1029 rapit
562 947 578 1036 Η
593 961 744 1029 carpente
760 949 927 1011 cacumina
940 969 1048 1010 morsu
1064 973 1081 1007 »
1098 960 1130 1010 et
1143 959 1216 1027 post
1231 971 1249 1006 (ι
1264 948 1390 1028 rapit»,

299 1070 427 1138 praeter
449 1080 624 1131 caesuram,
650 1057 854 1120 intervallum
879 1078 1010 1136 quoque
1034 1056 1226 1120 invenimus.

388 1173 487 1254 Quod
499 1171 526 1234 si
543 1171 576 1233 in
592 1170 714 1250 reliqua
726 1169 875 1232 versiculi
888 1181 988 1248 parte,
1003 1180 1076 1248 post
1090 1189 1265 1240 caesuram,
1279 1179 1392 1247 poetae
1471 1233 1474 1237 ,

296 1284 437 1346 maxima
460 1281 613 1363 cogitatio
637 1280 794 1360 reperitur
817 1280 919 1361 (quod
936 1280 1067 1360 quidem
1083 1280 1114 1341 in
1128 1280 1315 1342 hexametro
1325 1283 1393 1342 'Ro-

298 1414 468 1459 manorum
494 1392 681 1472 saepissime
704 1392 834 1473 evenit),
860 1413 925 1454 non
950 1392 1096 1471 sequitur
1120 1403 1156 1452 ut
1178 1391 1277 1453 altera
1300 1391 1393 1471 quies

296 1505 455 1586 quaedam
480 1503 709 1586 [intervallum]
735 1503 796 1564 hoc
820 1502 890 1565 loco
913 1503 989 1575 fiat;
1012 1523 1152 1582 namque
1178 1512 1388 1581 «carpente»

297 1616 340 1678 ita
352 1628 420 1678 arte
435 1636 508 1677 curn
536 1638 554 1674 ‹<
565 1636 673 1677 morsu
686 1639 704 1675 ›
731 1615 949 1694 coniungitur,
968 1626 1004 1676 ut
1016 1635 1074 1676 nec
1086 1625 1159 1692 post
1179 1624 1387 1692 «carpente»

296 1750 355 1791 nec
378 1739 452 1807 post
478 1727 704 1789 «cacumina»
731 1727 937 1807 cogitationis
960 1726 1052 1806 quies
1076 1726 1144 1787 fieri
1168 1725 1279 1805 possit.

385 1841 654 1905 Hildebrandtius
677 1862 763 1914 vern,
780 1840 832 1903 cui
852 1865 870 1900 a
886 1840 970 1919 rapit
982 1850 1132 1919 carpente
1150 1867 1163 1895 s
1187 1840 1234 1918 (Ι)
1252 1837 1393 1900 maxima

295 1952 424 2014 videtur
439 1951 588 2013 versiculi
605 1951 767 2032 cogitatio,
786 1949 989 2012 intervallum
1003 1960 1076 2027 post
1102 1971 1120 2007 ‹<
1132 1957 1282 2027 carpente
1294 1970 1312 2006 a
1331 1944 1393 2008 hoe

297 2063 395 2125 modo
418 2063 528 2142 ponit:

307 2204 316 2253 ¹
363 2239 453 2298 Haec
475 2257 631 2314 suspensa
650 2234 657 2318 1
677 2235 761 2315 rapit
783 2245 934 2314 carpente
949 2231 965 2320 Η
980 2234 1147 2296 cacumina
1171 2253 1290 2294 morsu.
1360 2297 1362 2305 ,

387 2415 461 2475 Non
486 2414 606 2476 infitior
628 2413 778 2494 equidem
804 2434 968 2475 caesuram
996 2425 1028 2475 et
1061 2414 1265 2476 intervallum
1299 2432 1393 2492 posse

297 2526 460 2588 interdum
484 2525 573 2587 aliud
596 2525 659 2587 alio
683 2525 753 2587 loco
775 2524 924 2587 versiculi
948 2547 1017 2587 esse
1032 2527 1078 2606 (2)
1093 2546 1100 2598 ;
1117 2527 1173 2588 sed
1187 2525 1392 2587 intervallum

297 2801 334 2856 de
352 2819 383 2856 re
401 2803 520 2857 metrica
539 2801 667 2864 cottidie,
687 2811 719 2856 ut
738 2803 778 2856 ita
801 2801 914 2865 dicam,
945 2799 1163 2868 diligentissime
1191 2807 1389 2867 persequatur.

300 2894 381 2946 Haec
399 2892 489 2945 sensit
508 2893 555 2946 ille
573 2892 610 2946 de
630 2895 796 2948 hexametro
816 2895 923 2948 latino:
946 2892 986 2964 (p.
1010 2893 1083 2964 135.)

318 2986 320 2991 ⁴
371 2989 423 3041 «1.
445 2989 505 3041 Der
523 2989 710 3053 Hexameter,
724 2989 818 3041 seiner
837 2988 1041 3055 Ausdehnung
1054 2989 1128 3041 nach
1141 2988 1237 3041 einem
1256 2989 1392 3055 langeron

298 3081 383 3134 Satze
401 3080 624 3147 entsprechend,
637 3081 741 3135 bedars
756 3082 810 3135 wie
829 3083 875 3135 ein
888 3082 1002 3136 solcher
1015 3072 1126 3149 logisch
1138 3082 1190 3135 der
1203 3083 1391 3151 Gliederung.

300 3172 388 3226 Diese
406 3172 478 3226 wird
495 3173 617 3227 bewirkt
636 3173 727 3227 durch
745 3175 798 3227 das
817 3174 963 3228 Intervall.
984 3197 995 3222 s

376 3283 390 3315 ‹<
404 3265 442 3318 11.
459 3267 518 3317 Der
531 3266 707 3319 Hexameter
720 3266 757 3319 ist
770 3265 817 3319 ein
830 3266 1085 3333 abgeschlossenes
1107 3267 1318 3333 rhythmisches
1337 3268 1394 3321 Ge-

297 3357 375 3411 bilde
394 3358 454 3412 und
472 3358 576 3412 bedars
591 3360 632 3414 als
651 3362 765 3414 solches
784 3362 835 3414 der
855 3360 981 3413 Einheit.
998 3360 1053 3414 Die
1067 3362 1263 3428 rhythmische
1277 3362 1394 3416 Einheit

299 3440 488 3508 herzustellen
508 3451 546 3505 ist
564 3453 697 3519 Ausgabe
716 3453 767 3507 der
787 3455 906 3518 Caesar,
920 3454 1029 3506 welche
1039 3452 1091 3506 das
1105 3453 1394 3508 Auseinandersallen

297 3546 349 3599 der
366 3545 514 3600 einzelnen
533 3547 557 3600 F
559 3552 624 3601 iisse
642 3548 784 3601 verht'ltet.
805 3567 819 3599 »

367 3637 406 3711 (ι)
425 3640 535 3694 Iniuste
553 3641 586 3707 ia,
608 3651 640 3695 ut
659 3659 733 3708 reor,
744 3642 815 3709 legit
829 3642 1023 3696 «lambente»
1039 3659 1092 3709 pro
1108 3651 1293 3710 «carpente»
1311 3645 1390 3711 quod

297 3741 341 3786 est
360 3733 389 3787 in
408 3734 544 3788 omnibus
562 3734 720 3789 codicibus,

368 3824 408 3897 (2)
428 3827 501 3879 Rem
519 3826 560 3880 ita
578 3844 692 3894 semper
719 3845 751 3881 se
769 3829 894 3892 habere,
916 3845 952 3881 ne
972 3829 1064 3880 ΗΜ).
1095 3828 1213 3894 quidem
1241 3828 1394 3884 adfirmare

297 3937 385 3974 ausus
404 3929 448 3974 est
466 3919 494 3992 (ε
506 3923 566 3975 Hat
584 3923 613 3976 in
633 3923 684 3976 der
703 3924 780 3975 That
795 3922 878 3988 jeder
897 3923 1040 3976 rdmische
1061 3925 1238 3976 Hexameter
1247 3923 1312 3979 eine
1323 3923 1394 3991 logi-

298 4015 367 4067 sche
386 4016 487 4082 Panse,
509 4015 561 4067 das
581 4016 761 4069 Intervall?»
782 4034 811 4082 p.
834 4013 906 4086 17o);
927 4031 1103 4086 quamquam
1114 4016 1276 4082 complures
1295 4033 1395 4077 versus
