<?xml version="1.0" encoding="UTF-8"?>
<!DOCTYPE html PUBLIC "-//W3C//DTD XHTML 1.0 Transitional//EN"
    "http://www.w3.org/TR/xhtml1/DTD/xhtml1-transitional.dtd">
<html xmlns="http://www.w3.org/1999/xhtml" xml:lang="en" lang="en">
 <head>
  <title>
</title>
<meta http-equiv="Content-Type" content="text/html;charset=utf-8" />
  <meta name='ocr-system' content='tesseract 3.04.00' />
  <meta name='ocr-capabilities' content='ocr_page ocr_carea ocr_par ocr_line ocrx_word'/>
</head>
<body>
  <div class='ocr_page' id='page_1' title='image "./deculicisauctor00vitrgoog_0020.png"; bbox 0 0 3384 5212; ppageno 0'>
   <div class='ocr_carea' id='block_1_1' title="bbox 765 1370 821 1434">
    <p class='ocr_par' dir='ltr' id='par_1_1' title="bbox 765 1370 821 1434">
     <span class='ocr_line' id='line_1_1' title="bbox 765 1370 821 1434; baseline 0.036 -2"><span class='ocrx_word' id='word_1_1' title='bbox 765 1370 821 1434; x_wconf 87' lang='lat'><em>111.</em></span> 
     </span>
    </p>
   </div>
   <div class='ocr_carea' id='block_1_2' title="bbox 206 1591 1341 3885">
    <p class='ocr_par' dir='ltr' id='par_1_2' title="bbox 243 1591 1341 2679">
     <span class='ocr_line' id='line_1_2' title="bbox 338 1591 1341 1676; baseline 0.004 -22"><span class='ocrx_word' id='word_1_2' title='bbox 338 1613 365 1654; x_wconf 54' lang='lat'><strong>12</strong></span> <span class='ocrx_word' id='word_1_3' title='bbox 383 1594 451 1654; x_wconf 83' lang='lat' dir='ltr'><strong>lam</strong></span> <span class='ocrx_word' id='word_1_4' title='bbox 463 1591 532 1653; x_wconf 85' lang='lat' dir='ltr'><strong>dixi</strong></span> <span class='ocrx_word' id='word_1_5' title='bbox 542 1591 663 1672; x_wconf 87' lang='lat' dir='ltr'><strong>quibus</strong></span> <span class='ocrx_word' id='word_1_6' title='bbox 675 1593 875 1673; x_wconf 80' lang='lat' dir='ltr'>argumentis</span> <span class='ocrx_word' id='word_1_7' title='bbox 889 1595 992 1656; x_wconf 84' lang='lat' dir='ltr'><em>Culex</em></span> <span class='ocrx_word' id='word_1_8' title='bbox 1003 1594 1149 1674; x_wconf 83' lang='lat' dir='ltr'><strong>Vergilio</strong></span> <span class='ocrx_word' id='word_1_9' title='bbox 1160 1596 1256 1658; x_wconf 87' lang='lat' dir='ltr'><strong>tribui</strong></span> <span class='ocrx_word' id='word_1_10' title='bbox 1270 1619 1341 1676; x_wconf 90' lang='lat' dir='ltr'><strong>pos-</strong></span> 
     </span>
     <span class='ocr_line' id='line_1_3' title="bbox 244 1702 1339 1786; baseline 0.003 -19"><span class='ocrx_word' id='word_1_11' title='bbox 244 1716 303 1778; x_wconf 83' lang='lat' dir='ltr'><strong>set,</strong></span> <span class='ocrx_word' id='word_1_12' title='bbox 318 1724 405 1768; x_wconf 91' lang='lat' dir='ltr'><strong>nunc</strong></span> <span class='ocrx_word' id='word_1_13' title='bbox 417 1705 458 1768; x_wconf 89' lang='lat' dir='ltr'><strong>de</strong></span> <span class='ocrx_word' id='word_1_14' title='bbox 471 1702 649 1767; x_wconf 87' lang='lat' dir='ltr'><strong>rationibus</strong></span> <span class='ocrx_word' id='word_1_15' title='bbox 660 1705 761 1774; x_wconf 76' lang='lat' dir='ltr'><strong>,latius</strong></span> <span class='ocrx_word' id='word_1_16' title='bbox 775 1706 890 1768; x_wconf 87' lang='lat' dir='ltr'><strong>dicam.</strong></span> <span class='ocrx_word' id='word_1_17' title='bbox 900 1708 1050 1786; x_wconf 86' lang='lat' dir='ltr'>Namque</span> <span class='ocrx_word' id='word_1_18' title='bbox 1063 1719 1173 1768; x_wconf 88' lang='lat' dir='ltr'><strong>contra</strong></span> <span class='ocrx_word' id='word_1_19' title='bbox 1198 1721 1339 1770; x_wconf 88' lang='lat' dir='ltr'><strong>nostram</strong></span> 
     </span>
     <span class='ocr_line' id='line_1_4' title="bbox 244 1814 1340 1898; baseline 0.003 -20"><span class='ocrx_word' id='word_1_20' title='bbox 244 1815 437 1878; x_wconf 87' lang='lat' dir='ltr'><strong>sententiam</strong></span> <span class='ocrx_word' id='word_1_21' title='bbox 462 1814 596 1885; x_wconf 87' lang='lat' dir='ltr'><strong>minima</strong></span> <span class='ocrx_word' id='word_1_22' title='bbox 619 1830 831 1898; x_wconf 86' lang='lat' dir='ltr'><strong>argumenta,</strong></span> <span class='ocrx_word' id='word_1_23' title='bbox 854 1817 1011 1897; x_wconf 85' lang='lat' dir='ltr'>plurimae</span> <span class='ocrx_word' id='word_1_24' title='bbox 1035 1839 1111 1879; x_wconf 90' lang='lat' dir='ltr'><strong>vero</strong></span> <span class='ocrx_word' id='word_1_25' title='bbox 1135 1819 1275 1880; x_wconf 89' lang='lat' dir='ltr'><strong>rationes</strong></span> <span class='ocrx_word' id='word_1_26' title='bbox 1298 1819 1340 1881; x_wconf 86' lang='lat' dir='ltr'><strong>al·</strong></span> 
     </span>
     <span class='ocr_line' id='line_1_5' title="bbox 244 1925 1340 2008; baseline 0.002 -20"><span class='ocrx_word' id='word_1_27' title='bbox 244 1925 327 1989; x_wconf 90' lang='lat' dir='ltr'><strong>latae</strong></span> <span class='ocrx_word' id='word_1_28' title='bbox 350 1938 437 2000; x_wconf 81' lang='lat' dir='ltr'><strong>sunt3</strong></span> <span class='ocrx_word' id='word_1_29' title='bbox 462 1927 494 1989; x_wconf 92' lang='lat' dir='ltr'><strong>in</strong></span> <span class='ocrx_word' id='word_1_30' title='bbox 519 1927 638 2007; x_wconf 91' lang='lat' dir='ltr'><strong>quibus</strong></span> <span class='ocrx_word' id='word_1_31' title='bbox 662 1928 743 1988; x_wconf 89' lang='lat' dir='ltr'>nihil</span> <span class='ocrx_word' id='word_1_32' title='bbox 767 1949 921 2008; x_wconf 89' lang='lat' dir='ltr'><strong>umquam</strong></span> <span class='ocrx_word' id='word_1_33' title='bbox 947 1929 1048 2001; x_wconf 86' lang='lat' dir='ltr'><strong>firmi,</strong></span> <span class='ocrx_word' id='word_1_34' title='bbox 1085 1950 1235 2008; x_wconf 88' lang='lat' dir='ltr'><strong>magnam</strong></span> <span class='ocrx_word' id='word_1_35' title='bbox 1264 1950 1340 1990; x_wconf 89' lang='lat' dir='ltr'><strong>vero</strong></span> 
     </span>
     <span class='ocr_line' id='line_1_6' title="bbox 244 2040 1341 2120; baseline 0.001 -19"><span class='ocrx_word' id='word_1_36' title='bbox 244 2040 379 2103; x_wconf 63' lang='lat' dir='ltr'><strong>sortame</strong></span> <span class='ocrx_word' id='word_1_37' title='bbox 400 2040 582 2104; x_wconf 81' lang='lat' dir='ltr'><strong>disserendi</strong></span> <span class='ocrx_word' id='word_1_38' title='bbox 605 2040 816 2103; x_wconf 77' lang='lat' dir='ltr'><strong>subtilitatem</strong></span> <span class='ocrx_word' id='word_1_39' title='bbox 840 2041 1027 2120; x_wconf 80' lang='lat' dir='ltr'>saepissime</span> <span class='ocrx_word' id='word_1_40' title='bbox 1063 2041 1215 2103; x_wconf 85' lang='lat' dir='ltr'><strong>invenies.</strong></span> <span class='ocrx_word' id='word_1_41' title='bbox 1249 2042 1341 2120; x_wconf 82' lang='lat' dir='ltr'><strong>Quas</strong></span> 
     </span>
     <span class='ocr_line' id='line_1_7' title="bbox 244 2150 1341 2231; baseline 0 -19"><span class='ocrx_word' id='word_1_42' title='bbox 244 2151 399 2231; x_wconf 91' lang='lat' dir='ltr'><strong>quoniam</strong></span> <span class='ocrx_word' id='word_1_43' title='bbox 423 2151 478 2213; x_wconf 89' lang='lat' dir='ltr'><strong>alii</strong></span> <span class='ocrx_word' id='word_1_44' title='bbox 501 2152 644 2225; x_wconf 90' lang='lat' dir='ltr'><strong>laudant,</strong></span> <span class='ocrx_word' id='word_1_45' title='bbox 670 2150 724 2213; x_wconf 91' lang='lat' dir='ltr'><strong>alii</strong></span> <span class='ocrx_word' id='word_1_46' title='bbox 754 2154 909 2225; x_wconf 90' lang='lat' dir='ltr'><strong>reiciunt,</strong></span> <span class='ocrx_word' id='word_1_47' title='bbox 934 2174 1047 2214; x_wconf 88' lang='lat' dir='ltr'><strong>omnes</strong></span> <span class='ocrx_word' id='word_1_48' title='bbox 1083 2164 1190 2214; x_wconf 88' lang='lat' dir='ltr'><strong>tamen</strong></span> <span class='ocrx_word' id='word_1_49' title='bbox 1228 2152 1341 2231; x_wconf 84' lang='lat' dir='ltr'><strong>legunt</strong></span> 
     </span>
     <span class='ocr_line' id='line_1_8' title="bbox 243 2258 1338 2342; baseline 0.001 -19"><span class='ocrx_word' id='word_1_50' title='bbox 243 2261 343 2342; x_wconf 88' lang='lat' dir='ltr'><strong>(quod</strong></span> <span class='ocrx_word' id='word_1_51' title='bbox 366 2258 431 2324; x_wconf 81' lang='lat' dir='ltr'><strong>sere</strong></span> <span class='ocrx_word' id='word_1_52' title='bbox 453 2282 580 2341; x_wconf 78' lang='lat' dir='ltr'>semper</span> <span class='ocrx_word' id='word_1_53' title='bbox 598 2261 719 2335; x_wconf 85' lang='lat' dir='ltr'><strong>evenit,</strong></span> <span class='ocrx_word' id='word_1_54' title='bbox 733 2263 760 2324; x_wconf 89' lang='lat' dir='ltr'><strong>si</strong></span> <span class='ocrx_word' id='word_1_55' title='bbox 783 2259 863 2342; x_wconf 90' lang='lat' dir='ltr'><strong>quid</strong></span> <span class='ocrx_word' id='word_1_56' title='bbox 876 2263 1039 2324; x_wconf 88' lang='lat' dir='ltr'><strong>adferatur</strong></span> <span class='ocrx_word' id='word_1_57' title='bbox 1061 2275 1173 2324; x_wconf 86' lang='lat' dir='ltr'><strong>contra</strong></span> <span class='ocrx_word' id='word_1_58' title='bbox 1189 2263 1338 2324; x_wconf 83' lang='lat' dir='ltr'><strong>vetustis-</strong></span> 
     </span>
     <span class='ocr_line' id='line_1_9' title="bbox 246 2373 1340 2455; baseline -0.003 -18"><span class='ocrx_word' id='word_1_59' title='bbox 246 2376 361 2438; x_wconf 83' lang='lat' dir='ltr'><strong>simam</strong></span> <span class='ocrx_word' id='word_1_60' title='bbox 379 2375 549 2455; x_wconf 81' lang='lat' dir='ltr'><strong>quandam</strong></span> <span class='ocrx_word' id='word_1_61' title='bbox 573 2374 766 2438; x_wconf 80' lang='lat' dir='ltr'><strong>sententiam</strong></span> <span class='ocrx_word' id='word_1_62' title='bbox 790 2398 809 2437; x_wconf 92' lang='lat' dir='ltr'><strong>a</strong></span> <span class='ocrx_word' id='word_1_63' title='bbox 831 2374 1014 2437; x_wconf 89' lang='lat' dir='ltr'><strong>maioribus</strong></span> <span class='ocrx_word' id='word_1_64' title='bbox 1031 2386 1204 2453; x_wconf 67' lang='lat' dir='ltr'><strong>acceptam</strong></span> <span class='ocrx_word' id='word_1_65' title='bbox 1221 2374 1247 2436; x_wconf 90' lang='lat' dir='ltr'><strong>si</strong></span> <span class='ocrx_word' id='word_1_66' title='bbox 1261 2373 1340 2453; x_wconf 90' lang='lat' dir='ltr'><strong>quid</strong></span> 
     </span>
     <span class='ocr_line' id='line_1_10' title="bbox 246 2484 1340 2564; baseline -0.003 -17"><span class='ocrx_word' id='word_1_67' title='bbox 246 2496 355 2547; x_wconf 72' lang='lat' dir='ltr'><strong>autem</strong></span> <span class='ocrx_word' id='word_1_68' title='bbox 375 2485 421 2547; x_wconf 67' lang='lat' dir='ltr'><strong>nd</strong></span> <span class='ocrx_word' id='word_1_69' title='bbox 443 2486 530 2548; x_wconf 71' lang='lat' dir='ltr'><strong>lunc</strong></span> <span class='ocrx_word' id='word_1_70' title='bbox 551 2487 746 2549; x_wconf 82' lang='lat' dir='ltr'><strong>senteutiam</strong></span> <span class='ocrx_word' id='word_1_71' title='bbox 767 2487 1038 2559; x_wconf 78' lang='lat' dir='ltr'><strong>confirmandam,</strong></span> <span class='ocrx_word' id='word_1_72' title='bbox 1052 2486 1187 2547; x_wconf 85' lang='lat' dir='ltr'><strong>minime</strong></span> <span class='ocrx_word' id='word_1_73' title='bbox 1210 2484 1340 2564; x_wconf 82' lang='lat' dir='ltr'><strong>evenit),</strong></span> 
     </span>
     <span class='ocr_line' id='line_1_11' title="bbox 245 2595 1171 2679; baseline -0.001 -20"><span class='ocrx_word' id='word_1_74' title='bbox 245 2597 328 2678; x_wconf 80' lang='lat' dir='ltr'><strong>quid</strong></span> <span class='ocrx_word' id='word_1_75' title='bbox 347 2595 392 2660; x_wconf 68' lang='lat' dir='ltr'><strong>de</strong></span> <span class='ocrx_word' id='word_1_76' title='bbox 416 2597 455 2660; x_wconf 87' lang='lat' dir='ltr'><strong>iis</strong></span> <span class='ocrx_word' id='word_1_77' title='bbox 478 2599 660 2661; x_wconf 77' lang='lat' dir='ltr'><strong>rationibus</strong></span> <span class='ocrx_word' id='word_1_78' title='bbox 683 2598 892 2679; x_wconf 82' lang='lat' dir='ltr'><strong>cogitandum</strong></span> <span class='ocrx_word' id='word_1_79' title='bbox 917 2598 968 2670; x_wconf 83' lang='lat' dir='ltr'><strong>sit,</strong></span> <span class='ocrx_word' id='word_1_80' title='bbox 993 2598 1171 2659; x_wconf 84' lang='lat' dir='ltr'><strong>videamus.</strong></span> 
     </span>
    </p>

    <p class='ocr_par' dir='ltr' id='par_1_3' title="bbox 206 2704 1339 3227">
     <span class='ocr_line' id='line_1_12' title="bbox 333 2704 1334 2786; baseline -0.002 -18"><span class='ocrx_word' id='word_1_81' title='bbox 333 2704 454 2769; x_wconf 80' lang='lat' dir='ltr'><strong>Earum</strong></span> <span class='ocrx_word' id='word_1_82' title='bbox 479 2706 545 2769; x_wconf 90' lang='lat' dir='ltr'><strong>duo</strong></span> <span class='ocrx_word' id='word_1_83' title='bbox 569 2718 645 2768; x_wconf 88' lang='lat' dir='ltr'><strong>sunt</strong></span> <span class='ocrx_word' id='word_1_84' title='bbox 667 2725 796 2786; x_wconf 81' lang='lat' dir='ltr'><strong>genera,</strong></span> <span class='ocrx_word' id='word_1_85' title='bbox 814 2726 887 2767; x_wconf 86' lang='lat' dir='ltr'><strong>cum</strong></span> <span class='ocrx_word' id='word_1_86' title='bbox 911 2704 1029 2767; x_wconf 84' lang='lat' dir='ltr'><strong>alterae</strong></span> <span class='ocrx_word' id='word_1_87' title='bbox 1045 2704 1086 2766; x_wconf 91' lang='lat' dir='ltr'><strong>ad</strong></span> <span class='ocrx_word' id='word_1_88' title='bbox 1101 2706 1334 2784; x_wconf 86' lang='lat' dir='ltr'><strong>quaestionem,</strong></span> 
     </span>
     <span class='ocr_line' id='line_1_13' title="bbox 243 2816 1339 2898; baseline 0.002 -20"><span class='ocrx_word' id='word_1_89' title='bbox 243 2816 361 2879; x_wconf 82' lang='lat' dir='ltr'><strong>alterae</strong></span> <span class='ocrx_word' id='word_1_90' title='bbox 384 2817 426 2879; x_wconf 89' lang='lat' dir='ltr'><strong>ad</strong></span> <span class='ocrx_word' id='word_1_91' title='bbox 449 2829 550 2880; x_wconf 90' lang='lat' dir='ltr'><strong>artem</strong></span> <span class='ocrx_word' id='word_1_92' title='bbox 567 2818 758 2898; x_wconf 89' lang='lat' dir='ltr'><strong>pertineant.</strong></span> <span class='ocrx_word' id='word_1_93' title='bbox 778 2819 873 2880; x_wconf 87' lang='lat' dir='ltr'><strong>Pauci</strong></span> <span class='ocrx_word' id='word_1_94' title='bbox 891 2828 976 2889; x_wconf 89' lang='lat' dir='ltr'><strong>sunt,</strong></span> <span class='ocrx_word' id='word_1_95' title='bbox 993 2817 1048 2898; x_wconf 92' lang='lat' dir='ltr'><strong>qui</strong></span> <span class='ocrx_word' id='word_1_96' title='bbox 1066 2817 1205 2878; x_wconf 86' lang='lat' dir='ltr'><strong>rationes</strong></span> <span class='ocrx_word' id='word_1_97' title='bbox 1222 2819 1339 2896; x_wconf 87' lang='lat' dir='ltr'><strong>prioris</strong></span> 
     </span>
     <span class='ocr_line' id='line_1_14' title="bbox 242 2909 1337 3008; baseline 0.001 -18"><span class='ocrx_word' id='word_1_98' title='bbox 242 2928 370 3008; x_wconf 81' lang='lat' dir='ltr'><strong>generis</strong></span> <span class='ocrx_word' id='word_1_99' title='bbox 395 2929 428 2990; x_wconf 94' lang='lat' dir='ltr'><strong>in</strong></span> <span class='ocrx_word' id='word_1_100' title='bbox 450 2929 512 2991; x_wconf 87' lang='lat' dir='ltr'><strong>hac</strong></span> <span class='ocrx_word' id='word_1_101' title='bbox 531 2930 755 3008; x_wconf 80' lang='lat' dir='ltr'><strong>disputatione</strong></span> <span class='ocrx_word' id='word_1_102' title='bbox 777 2909 1018 3000; x_wconf 80' lang='lat' dir='ltr'><strong>adhibuerunt;</strong></span> <span class='ocrx_word' id='word_1_103' title='bbox 1042 2950 1179 3008; x_wconf 85' lang='lat' dir='ltr'><strong>quarum</strong></span> <span class='ocrx_word' id='word_1_104' title='bbox 1205 2930 1337 2991; x_wconf 85' lang='lat' dir='ltr'><strong>maximi</strong></span> 
     </span>
     <span class='ocr_line' id='line_1_15' title="bbox 206 3037 1339 3117; baseline 0.001 -18"><span class='ocrx_word' id='word_1_105' title='bbox 206 3056 209 3062; x_wconf 82' lang='lat'>&#39;</span> <span class='ocrx_word' id='word_1_106' title='bbox 244 3037 396 3116; x_wconf 78' lang='lat' dir='ltr'><strong>penderis</strong></span> <span class='ocrx_word' id='word_1_107' title='bbox 418 3059 456 3101; x_wconf 86' lang='lat' dir='ltr'><strong>ae</strong></span> <span class='ocrx_word' id='word_1_108' title='bbox 480 3039 635 3100; x_wconf 78' lang='lat' dir='ltr'><strong>momenti</strong></span> <span class='ocrx_word' id='word_1_109' title='bbox 656 3059 715 3100; x_wconf 86' lang='lat' dir='ltr'><strong>eae</strong></span> <span class='ocrx_word' id='word_1_110' title='bbox 738 3039 872 3100; x_wconf 78' lang='lat' dir='ltr'><strong>fortasse</strong></span> <span class='ocrx_word' id='word_1_111' title='bbox 894 3038 983 3099; x_wconf 86' lang='lat' dir='ltr'><strong>visae</strong></span> <span class='ocrx_word' id='word_1_112' title='bbox 1004 3049 1091 3110; x_wconf 86' lang='lat' dir='ltr'><strong>sunt,</strong></span> <span class='ocrx_word' id='word_1_113' title='bbox 1116 3059 1196 3117; x_wconf 70' lang='lat' dir='ltr'><strong>quas</strong></span> <span class='ocrx_word' id='word_1_114' title='bbox 1230 3040 1339 3101; x_wconf 76' lang='lat' dir='ltr'><strong>attulit</strong></span> 
     </span>
     <span class='ocr_line' id='line_1_16' title="bbox 244 3146 597 3227; baseline 0.003 -20"><span class='ocrx_word' id='word_1_115' title='bbox 244 3146 523 3212; x_wconf 81' lang='lat' dir='ltr'><strong>Hildebrandtius.</strong></span> <span class='ocrx_word' id='word_1_116' title='bbox 547 3147 560 3226; x_wconf 81' lang='grc'>(</span> <span class='ocrx_word' id='word_1_117' title='bbox 568 3150 597 3227; x_wconf 83' lang='lat'><strong>1)</strong></span> 
     </span>
    </p>

    <p class='ocr_par' dir='ltr' id='par_1_4' title="bbox 243 3254 1340 3885">
     <span class='ocr_line' id='line_1_17' title="bbox 333 3254 1339 3334; baseline 0 -16"><span class='ocrx_word' id='word_1_118' title='bbox 333 3257 416 3318; x_wconf 90' lang='lat' dir='ltr'><strong>Cum</strong></span> <span class='ocrx_word' id='word_1_119' title='bbox 439 3276 516 3317; x_wconf 90' lang='lat' dir='ltr'><strong>vero</strong></span> <span class='ocrx_word' id='word_1_120' title='bbox 539 3254 568 3316; x_wconf 93' lang='lat' dir='ltr'><strong>ei</strong></span> <span class='ocrx_word' id='word_1_121' title='bbox 591 3273 780 3334; x_wconf 85' lang='lat' dir='ltr'><strong>persuasum</strong></span> <span class='ocrx_word' id='word_1_122' title='bbox 804 3265 897 3325; x_wconf 90' lang='lat' dir='ltr'><strong>esset,</strong></span> <span class='ocrx_word' id='word_1_123' title='bbox 923 3254 1003 3314; x_wconf 87' lang='lat' dir='ltr'><strong>nihil</strong></span> <span class='ocrx_word' id='word_1_124' title='bbox 1027 3255 1103 3316; x_wconf 88' lang='lat' dir='ltr'><strong>certi</strong></span> <span class='ocrx_word' id='word_1_125' title='bbox 1120 3275 1154 3316; x_wconf 90' lang='lat' dir='ltr'><strong>se</strong></span> <span class='ocrx_word' id='word_1_126' title='bbox 1169 3256 1339 3318; x_wconf 86' lang='lat' dir='ltr'><strong>adfirmare</strong></span> 
     </span>
     <span class='ocr_line' id='line_1_18' title="bbox 244 3365 1338 3450; baseline -0.002 -19"><span class='ocrx_word' id='word_1_127' title='bbox 244 3368 397 3450; x_wconf 87' lang='lat' dir='ltr'><strong>potuisse,</strong></span> <span class='ocrx_word' id='word_1_128' title='bbox 415 3368 442 3430; x_wconf 93' lang='lat' dir='ltr'><strong>si</strong></span> <span class='ocrx_word' id='word_1_129' title='bbox 466 3366 693 3430; x_wconf 84' lang='lat' dir='ltr'><strong>tantummodo</strong></span> <span class='ocrx_word' id='word_1_130' title='bbox 709 3387 775 3428; x_wconf 86' lang='lat' dir='ltr'><strong>rem</strong></span> <span class='ocrx_word' id='word_1_131' title='bbox 793 3365 957 3442; x_wconf 82' lang='lat' dir='ltr'><strong>metricam</strong></span> <span class='ocrx_word' id='word_1_132' title='bbox 983 3365 1015 3426; x_wconf 92' lang='lat' dir='ltr'><strong>in</strong></span> <span class='ocrx_word' id='word_1_133' title='bbox 1039 3365 1141 3427; x_wconf 85' lang='lat' dir='ltr'><strong>Culz&#39;ce</strong></span> <span class='ocrx_word' id='word_1_134' title='bbox 1153 3379 1338 3438; x_wconf 77' lang='lat' dir='ltr'><strong>persecutus</strong></span> 
     </span>
     <span class='ocr_line' id='line_1_19' title="bbox 244 3477 1340 3558; baseline -0.005 -14"><span class='ocrx_word' id='word_1_135' title='bbox 244 3492 337 3554; x_wconf 81' lang='lat' dir='ltr'><strong>esset,</strong></span> <span class='ocrx_word' id='word_1_136' title='bbox 361 3478 518 3558; x_wconf 80' lang='lat' dir='ltr'><strong>singulari</strong></span> <span class='ocrx_word' id='word_1_137' title='bbox 541 3477 646 3539; x_wconf 85' lang='lat' dir='ltr'><strong>effecit</strong></span> <span class='ocrx_word' id='word_1_138' title='bbox 669 3477 813 3548; x_wconf 86' lang='lat' dir='ltr'><strong>artifici0,</strong></span> <span class='ocrx_word' id='word_1_139' title='bbox 829 3488 861 3537; x_wconf 81' lang='lat' dir='ltr'><strong>ut</strong></span> <span class='ocrx_word' id='word_1_140' title='bbox 886 3477 1034 3548; x_wconf 86' lang='lat' dir='ltr'><strong>rationes,</strong></span> <span class='ocrx_word' id='word_1_141' title='bbox 1052 3498 1132 3555; x_wconf 90' lang='lat' dir='ltr'><strong>quas</strong></span> <span class='ocrx_word' id='word_1_142' title='bbox 1156 3477 1196 3537; x_wconf 92' lang='lat' dir='ltr'><strong>de</strong></span> <span class='ocrx_word' id='word_1_143' title='bbox 1220 3499 1253 3537; x_wconf 90' lang='lat' dir='ltr'><strong>re</strong></span> <span class='ocrx_word' id='word_1_144' title='bbox 1278 3499 1340 3538; x_wconf 89' lang='lat' dir='ltr'><strong>me·</strong></span> 
     </span>
     <span class='ocr_line' id='line_1_20' title="bbox 245 3588 1337 3666; baseline -0.005 -12"><span class='ocrx_word' id='word_1_145' title='bbox 245 3592 323 3654; x_wconf 82' lang='lat' dir='ltr'><strong>trica</strong></span> <span class='ocrx_word' id='word_1_146' title='bbox 346 3590 463 3662; x_wconf 85' lang='lat' dir='ltr'><strong>attulit,</strong></span> <span class='ocrx_word' id='word_1_147' title='bbox 489 3589 527 3651; x_wconf 90' lang='lat' dir='ltr'><strong>iis</strong></span> <span class='ocrx_word' id='word_1_148' title='bbox 551 3590 646 3650; x_wconf 91' lang='lat' dir='ltr'><strong>rebus</strong></span> <span class='ocrx_word' id='word_1_149' title='bbox 673 3589 714 3649; x_wconf 86' lang='lat' dir='ltr'><strong>ad</strong></span> <span class='ocrx_word' id='word_1_150' title='bbox 737 3601 839 3650; x_wconf 88' lang='lat' dir='ltr'><strong>artem</strong></span> <span class='ocrx_word' id='word_1_151' title='bbox 863 3588 1107 3666; x_wconf 86' lang='lat' dir='ltr'><strong>pertinentibus,</strong></span> <span class='ocrx_word' id='word_1_152' title='bbox 1122 3609 1202 3666; x_wconf 87' lang='lat' dir='ltr'><strong>quas</strong></span> <span class='ocrx_word' id='word_1_153' title='bbox 1227 3588 1337 3666; x_wconf 81' lang='lat' dir='ltr'><strong>ipse·—</strong></span> 
     </span>
     <span class='ocr_line' id='line_1_21' title="bbox 245 3691 1339 3774; baseline -0.006 -9"><span class='ocrx_word' id='word_1_154' title='bbox 245 3691 342 3765; x_wconf 84' lang='lat' dir='ltr'><strong>nimis</strong></span> <span class='ocrx_word' id='word_1_155' title='bbox 366 3701 535 3774; x_wconf 86' lang='lat' dir='ltr'><strong>subtiliter,</strong></span> <span class='ocrx_word' id='word_1_156' title='bbox 553 3713 590 3762; x_wconf 92' lang='lat' dir='ltr'><strong>ut</strong></span> <span class='ocrx_word' id='word_1_157' title='bbox 606 3711 815 3761; x_wconf 78' lang='lat' dir='ltr'><strong>reor—antea</strong></span> <span class='ocrx_word' id='word_1_158' title='bbox 839 3699 871 3759; x_wconf 92' lang='lat' dir='ltr'><strong>in</strong></span> <span class='ocrx_word' id='word_1_159' title='bbox 888 3699 1001 3760; x_wconf 87' lang='lat' dir='ltr'><strong>eodem</strong></span> <span class='ocrx_word' id='word_1_160' title='bbox 1034 3699 1174 3760; x_wconf 86' lang='lat' dir='ltr'><strong>carmine</strong></span> <span class='ocrx_word' id='word_1_161' title='bbox 1197 3698 1339 3759; x_wconf 86' lang='lat' dir='ltr'><strong>animad-</strong></span> 
     </span>
     <span class='ocr_line' id='line_1_22' title="bbox 243 3811 865 3885; baseline -0.003 -9"><span class='ocrx_word' id='word_1_162' title='bbox 243 3813 401 3885; x_wconf 86' lang='lat' dir='ltr'><strong>vertisset,</strong></span> <span class='ocrx_word' id='word_1_163' title='bbox 427 3811 561 3873; x_wconf 90' lang='lat' dir='ltr'><strong>omnino</strong></span> <span class='ocrx_word' id='word_1_164' title='bbox 585 3811 644 3872; x_wconf 93' lang='lat' dir='ltr'><strong>niti</strong></span> <span class='ocrx_word' id='word_1_165' title='bbox 668 3811 865 3874; x_wconf 85' lang='lat' dir='ltr'><strong>viderentur.</strong></span> 
     </span>
    </p>
   </div>
   <div class='ocr_carea' id='block_1_3' title="bbox 226 4050 1171 4145">
    <p class='ocr_par' dir='ltr' id='par_1_5' title="bbox 226 4050 1171 4145">
     <span class='ocr_line' id='line_1_23' title="bbox 226 4050 1171 4145; baseline 0.066 -91"><span class='ocrx_word' id='word_1_166' title='bbox 226 4050 228 4054; x_wconf 79' lang='grc'>,</span> <span class='ocrx_word' id='word_1_167' title='bbox 316 4058 356 4145; x_wconf 54' lang='grc' dir='ltr'><strong>(Ι)</strong></span> <span class='ocrx_word' id='word_1_168' title='bbox 375 4063 413 4117; x_wconf 43' lang='lat' dir='ltr'><strong>V·</strong></span> <span class='ocrx_word' id='word_1_169' title='bbox 434 4062 549 4128; x_wconf 49' lang='lat' dir='ltr'><strong>librum,</strong></span> <span class='ocrx_word' id='word_1_170' title='bbox 569 4078 657 4142; x_wconf 72' lang='lat' dir='ltr'><strong>quam</strong></span> <span class='ocrx_word' id='word_1_171' title='bbox 676 4078 763 4129; x_wconf 77' lang='lat' dir='ltr'><strong>supra</strong></span> <span class='ocrx_word' id='word_1_172' title='bbox 782 4059 830 4133; x_wconf 84' lang='lat' dir='ltr'><strong>(ad</strong></span> <span class='ocrx_word' id='word_1_173' title='bbox 848 4078 878 4128; x_wconf 89' lang='lat' dir='ltr'><strong>p.</strong></span> <span class='ocrx_word' id='word_1_174' title='bbox 902 4060 929 4133; x_wconf 80' lang='lat'><strong>7)</strong></span> <span class='ocrx_word' id='word_1_175' title='bbox 946 4060 1171 4117; x_wconf 75' lang='lat' dir='ltr'><strong>nominavimus,</strong></span> 
     </span>
    </p>
   </div>
   <div class='ocr_carea' id='block_1_4' title="bbox 0 0 1696 5212">
    <p class='ocr_par' dir='ltr' id='par_1_6' title="bbox 0 0 1696 5212">
     <span class='ocr_line' id='line_1_24' title="bbox 0 0 1696 5212; baseline 0 0"><span class='ocrx_word' id='word_1_176' title='bbox 0 0 1696 5212; x_wconf 95' lang='lat' dir='ltr'><strong> </strong></span> 
     </span>
    </p>
   </div>
  </div>
 </body>
</html>
