<?xml version="1.0" encoding="UTF-8"?>
<!DOCTYPE html PUBLIC "-//W3C//DTD XHTML 1.0 Transitional//EN"
    "http://www.w3.org/TR/xhtml1/DTD/xhtml1-transitional.dtd">
<html xmlns="http://www.w3.org/1999/xhtml" xml:lang="en" lang="en">
 <head>
  <title>
</title>
<meta http-equiv="Content-Type" content="text/html;charset=utf-8" />
  <meta name='ocr-system' content='tesseract 3.04.00' />
  <meta name='ocr-capabilities' content='ocr_page ocr_carea ocr_par ocr_line ocrx_word'/>
</head>
<body>
  <div class='ocr_page' id='page_1' title='image "./deculicisauctor00vitrgoog_0013.png"; bbox 0 0 3384 5212; ppageno 0'>
   <div class='ocr_carea' id='block_1_1' title="bbox 787 544 910 595">
    <p class='ocr_par' dir='ltr' id='par_1_1' title="bbox 787 544 910 595">
     <span class='ocr_line' id='line_1_1' title="bbox 787 544 910 595; baseline 0.008 -13"><span class='ocrx_word' id='word_1_1' title='bbox 787 544 910 595; x_wconf 70' lang='lat'>-3-</span> 
     </span>
    </p>
   </div>
   <div class='ocr_carea' id='block_1_2' title="bbox 301 694 1396 1002">
    <p class='ocr_par' dir='ltr' id='par_1_2' title="bbox 301 694 1396 1002">
     <span class='ocr_line' id='line_1_2' title="bbox 391 694 1394 778; baseline 0.004 -23"><span class='ocrx_word' id='word_1_2' title='bbox 391 695 540 775; x_wconf 87' lang='lat' dir='ltr'>Namque</span> <span class='ocrx_word' id='word_1_3' title='bbox 563 694 651 774; x_wconf 93' lang='lat' dir='ltr'>quod</span> <span class='ocrx_word' id='word_1_4' title='bbox 675 694 820 757; x_wconf 89' lang='lat' dir='ltr'>obiciunt</span> <span class='ocrx_word' id='word_1_5' title='bbox 844 697 890 778; x_wconf 90' lang='lat'>(1)</span> <span class='ocrx_word' id='word_1_6' title='bbox 908 694 1114 758; x_wconf 90' lang='lat' dir='ltr'>-historiae</span> <span class='ocrx_word' id='word_1_7' title='bbox 1137 696 1394 770; x_wconf 85' lang='lat' dir='ltr'>fundamentum,</span> 
     </span>
     <span class='ocr_line' id='line_1_3' title="bbox 301 806 1393 887; baseline 0.005 -21"><span class='ocrx_word' id='word_1_8' title='bbox 301 825 367 883; x_wconf 89' lang='lat' dir='ltr'>quo</span> <span class='ocrx_word' id='word_1_9' title='bbox 391 806 578 886; x_wconf 88' lang='lat' dir='ltr'>Vergiliana</span> <span class='ocrx_word' id='word_1_10' title='bbox 601 809 764 887; x_wconf 86' lang='lat' dir='ltr'>appendix</span> <span class='ocrx_word' id='word_1_11' title='bbox 789 809 919 881; x_wconf 87' lang='lat' dir='ltr'>nitatur,</span> <span class='ocrx_word' id='word_1_12' title='bbox 937 808 1065 887; x_wconf 87' lang='lat' dir='ltr'>seriptis</span> <span class='ocrx_word' id='word_1_13' title='bbox 1088 809 1245 882; x_wconf 89' lang='lat' dir='ltr'>Suetonii,</span> <span class='ocrx_word' id='word_1_14' title='bbox 1264 811 1393 883; x_wconf 90' lang='lat' dir='ltr'>Donati,</span> 
     </span>
     <span class='ocr_line' id='line_1_4' title="bbox 301 917 1396 1002; baseline 0.005 -23"><span class='ocrx_word' id='word_1_15' title='bbox 301 917 405 979; x_wconf 91' lang='lat' dir='ltr'>Servii</span> <span class='ocrx_word' id='word_1_16' title='bbox 419 920 612 997; x_wconf 84' lang='lat' dir='ltr'>respondere</span> <span class='ocrx_word' id='word_1_17' title='bbox 619 922 714 1002; x_wconf 91' lang='lat' dir='ltr'>(quos</span> <span class='ocrx_word' id='word_1_18' title='bbox 730 920 862 1001; x_wconf 83' lang='lat' dir='ltr'>quidem</span> <span class='ocrx_word' id='word_1_19' title='bbox 874 919 1061 999; x_wconf 84' lang='lat' dir='ltr'>hominesin</span> <span class='ocrx_word' id='word_1_20' title='bbox 1075 920 1208 982; x_wconf 90' lang='lat' dir='ltr'>historia</span> <span class='ocrx_word' id='word_1_21' title='bbox 1224 921 1396 1002; x_wconf 85' lang='lat' dir='ltr'>diligentes</span> 
     </span>
    </p>
   </div>
   <div class='ocr_carea' id='block_1_3' title="bbox 301 1031 1396 1218">
    <p class='ocr_par' dir='ltr' id='par_1_3' title="bbox 301 1031 1396 1218">
     <span class='ocr_line' id='line_1_5' title="bbox 302 1031 1396 1113; baseline 0.005 -23"><span class='ocrx_word' id='word_1_22' title='bbox 302 1050 397 1092; x_wconf 88' lang='lat' dir='ltr'>nemo</span> <span class='ocrx_word' id='word_1_23' title='bbox 421 1031 462 1093; x_wconf 94' lang='lat' dir='ltr'>sit</span> <span class='ocrx_word' id='word_1_24' title='bbox 486 1032 566 1112; x_wconf 93' lang='lat' dir='ltr'>quin</span> <span class='ocrx_word' id='word_1_25' title='bbox 591 1037 704 1113; x_wconf 85' lang='lat' dir='ltr'>vocet),</span> <span class='ocrx_word' id='word_1_26' title='bbox 719 1035 761 1094; x_wconf 90' lang='lat' dir='ltr'>ob</span> <span class='ocrx_word' id='word_1_27' title='bbox 784 1055 920 1113; x_wconf 89' lang='lat' dir='ltr'>eamque</span> <span class='ocrx_word' id='word_1_28' title='bbox 944 1054 1009 1094; x_wconf 88' lang='lat' dir='ltr'>rem</span> <span class='ocrx_word' id='word_1_29' title='bbox 1034 1033 1112 1096; x_wconf 86' lang='lat' dir='ltr'>falsa</span> <span class='ocrx_word' id='word_1_30' title='bbox 1136 1033 1244 1095; x_wconf 84' lang='lat' dir='ltr'>omnia</span> <span class='ocrx_word' id='word_1_31' title='bbox 1278 1055 1396 1113; x_wconf 88' lang='lat' dir='ltr'>appen-</span> 
     </span>
     <span class='ocr_line' id='line_1_6' title="bbox 301 1134 1395 1218; baseline 0.005 -23"><span class='ocrx_word' id='word_1_32' title='bbox 301 1134 381 1198; x_wconf 91' lang='lat' dir='ltr'>dicis</span> <span class='ocrx_word' id='word_1_33' title='bbox 404 1137 546 1198; x_wconf 90' lang='lat' dir='ltr'>carmina</span> <span class='ocrx_word' id='word_1_34' title='bbox 561 1159 631 1200; x_wconf 94' lang='lat' dir='ltr'>esse</span> <span class='ocrx_word' id='word_1_35' title='bbox 647 1138 875 1200; x_wconf 83' lang='lat' dir='ltr'>habenda-id</span> <span class='ocrx_word' id='word_1_36' title='bbox 892 1138 1013 1200; x_wconf 88' lang='lat' dir='ltr'>nullam</span> <span class='ocrx_word' id='word_1_37' title='bbox 1028 1138 1132 1218; x_wconf 88' lang='lat' dir='ltr'>plane,</span> <span class='ocrx_word' id='word_1_38' title='bbox 1152 1150 1186 1200; x_wconf 90' lang='lat' dir='ltr'>ut</span> <span class='ocrx_word' id='word_1_39' title='bbox 1201 1160 1281 1212; x_wconf 82' lang='lat' dir='ltr'>reor,</span> <span class='ocrx_word' id='word_1_40' title='bbox 1300 1140 1395 1201; x_wconf 88' lang='lat' dir='ltr'>habet</span> 
     </span>
    </p>
   </div>
   <div class='ocr_carea' id='block_1_4' title="bbox 300 1247 1394 1559">
    <p class='ocr_par' dir='ltr' id='par_1_4' title="bbox 300 1247 1394 1559">
     <span class='ocr_line' id='line_1_7' title="bbox 300 1247 866 1327; baseline 0.014 -20"><span class='ocrx_word' id='word_1_41' title='bbox 300 1247 377 1320; x_wconf 89' lang='lat' dir='ltr'>vim,</span> <span class='ocrx_word' id='word_1_42' title='bbox 402 1249 491 1327; x_wconf 91' lang='lat' dir='ltr'>quod</span> <span class='ocrx_word' id='word_1_43' title='bbox 513 1248 629 1312; x_wconf 88' lang='lat' dir='ltr'>attinet</span> <span class='ocrx_word' id='word_1_44' title='bbox 650 1250 692 1311; x_wconf 95' lang='lat' dir='ltr'>ad</span> <span class='ocrx_word' id='word_1_45' title='bbox 723 1250 866 1316; x_wconf 76' lang='lat' dir='ltr'>Culicem.</span> 
     </span>
     <span class='ocr_line' id='line_1_8' title="bbox 391 1363 1394 1445; baseline 0.004 -22"><span class='ocrx_word' id='word_1_46' title='bbox 391 1363 463 1424; x_wconf 90' lang='lat' dir='ltr'>Hoc</span> <span class='ocrx_word' id='word_1_47' title='bbox 485 1382 579 1441; x_wconf 89' lang='lat' dir='ltr'>spero</span> <span class='ocrx_word' id='word_1_48' title='bbox 603 1364 670 1425; x_wconf 85' lang='lat' dir='ltr'>lore</span> <span class='ocrx_word' id='word_1_49' title='bbox 693 1365 909 1444; x_wconf 88' lang='lat' dir='ltr'>perspicuum,</span> <span class='ocrx_word' id='word_1_50' title='bbox 922 1365 960 1438; x_wconf 90' lang='lat' dir='ltr'>si,</span> <span class='ocrx_word' id='word_1_51' title='bbox 985 1386 1068 1445; x_wconf 86' lang='lat' dir='ltr'>quae</span> <span class='ocrx_word' id='word_1_52' title='bbox 1092 1364 1250 1427; x_wconf 89' lang='lat' dir='ltr'>Martialis</span> <span class='ocrx_word' id='word_1_53' title='bbox 1266 1365 1394 1428; x_wconf 91' lang='lat' dir='ltr'>duobus</span> 
     </span>
     <span class='ocr_line' id='line_1_9' title="bbox 302 1477 680 1559; baseline 0.011 -21"><span class='ocrx_word' id='word_1_54' title='bbox 302 1477 381 1540; x_wconf 84' lang='lat' dir='ltr'>loeis</span> <span class='ocrx_word' id='word_1_55' title='bbox 404 1478 489 1539; x_wconf 81' lang='lat' dir='ltr'>dixit</span> <span class='ocrx_word' id='word_1_56' title='bbox 511 1479 680 1559; x_wconf 88' lang='lat' dir='ltr'>legentur:</span> 
     </span>
    </p>
   </div>
   <div class='ocr_carea' id='block_1_5' title="bbox 311 1695 1395 1887">
    <p class='ocr_par' dir='ltr' id='par_1_5' title="bbox 311 1680 1395 1887">
     <span class='ocr_line' id='line_1_10' title="bbox 311 1695 1395 1778; baseline 0.005 -23"><span class='ocrx_word' id='word_1_57' title='bbox 311 1695 398 1760; x_wconf 85' lang='lat' dir='ltr'><strong>VIII.</strong></span> <span class='ocrx_word' id='word_1_58' title='bbox 431 1702 482 1772; x_wconf 84' lang='lat'>56.</span> <span class='ocrx_word' id='word_1_59' title='bbox 513 1717 560 1772; x_wconf 90' lang='lat'>19.</span> <span class='ocrx_word' id='word_1_60' title='bbox 587 1697 741 1758; x_wconf 77' lang='lat' dir='ltr'>Protinus</span> <span class='ocrx_word' id='word_1_61' title='bbox 764 1698 1049 1778; x_wconf 77' lang='lat' dir='ltr'>Italiamcmzcepz&#39;l</span> <span class='ocrx_word' id='word_1_62' title='bbox 1069 1704 1099 1758; x_wconf 80' lang='lat' dir='ltr'>et</span> <span class='ocrx_word' id='word_1_63' title='bbox 1119 1717 1212 1758; x_wconf 83' lang='lat' dir='ltr'>arma</span> <span class='ocrx_word' id='word_1_64' title='bbox 1231 1701 1395 1777; x_wconf 77' lang='lat' dir='ltr'>virumque</span> 
     </span>
     <span class='ocr_line' id='line_1_11' title="bbox 593 1807 1347 1887; baseline 0.007 -21"><span class='ocrx_word' id='word_1_65' title='bbox 593 1807 663 1882; x_wconf 80' lang='lat' dir='ltr'>Qui</span> <span class='ocrx_word' id='word_1_66' title='bbox 683 1808 771 1866; x_wconf 84' lang='lat' dir='ltr'>modo</span> <span class='ocrx_word' id='word_1_67' title='bbox 795 1810 853 1868; x_wconf 85' lang='lat' dir='ltr'>vix</span> <span class='ocrx_word' id='word_1_68' title='bbox 882 1807 1015 1868; x_wconf 81' lang='lat' dir='ltr'>Culicem</span> <span class='ocrx_word' id='word_1_69' title='bbox 1028 1809 1168 1887; x_wconf 81' lang='lat' dir='ltr'>fleverat</span> <span class='ocrx_word' id='word_1_70' title='bbox 1189 1827 1242 1869; x_wconf 79' lang='lat' dir='ltr'>ore</span> <span class='ocrx_word' id='word_1_71' title='bbox 1263 1810 1347 1873; x_wconf 75' lang='lat' dir='ltr'>medi.</span> 
     </span>
    </p>
   </div>
   <div class='ocr_carea' id='block_1_6' title="bbox 301 2018 1434 2213">
    <p class='ocr_par' dir='ltr' id='par_1_6' title="bbox 301 2018 1434 2213">
     <span class='ocr_line' id='line_1_12' title="bbox 301 2018 1434 2100; baseline 0.004 -21"><span class='ocrx_word' id='word_1_72' title='bbox 301 2018 391 2081; x_wconf 92' lang='lat' dir='ltr'><strong>XIV.</strong></span> <span class='ocrx_word' id='word_1_73' title='bbox 422 2026 492 2096; x_wconf 86' lang='lat'>185.</span> <span class='ocrx_word' id='word_1_74' title='bbox 585 2022 697 2100; x_wconf 76' lang='lat' dir='ltr'>Accipe</span> <span class='ocrx_word' id='word_1_75' title='bbox 711 2020 852 2098; x_wconf 81' lang='lat' dir='ltr'>facundi</span> <span class='ocrx_word' id='word_1_76' title='bbox 879 2021 1024 2093; x_wconf 82' lang='lat' dir='ltr'>Culicem,</span> <span class='ocrx_word' id='word_1_77' title='bbox 1048 2023 1191 2094; x_wconf 80' lang='lat' dir='ltr'>studiose,</span> <span class='ocrx_word' id='word_1_78' title='bbox 1215 2023 1382 2096; x_wconf 57' lang='lat' dir='ltr'>Maronis,</span> <span class='ocrx_word' id='word_1_79' title='bbox 1428 2029 1434 2038; x_wconf 83' lang='lat'>‘</span> 
     </span>
     <span class='ocr_line' id='line_1_13' title="bbox 590 2131 1355 2213; baseline 0.001 -19"><span class='ocrx_word' id='word_1_80' title='bbox 590 2131 641 2194; x_wconf 85' lang='lat' dir='ltr'>Ne</span> <span class='ocrx_word' id='word_1_81' title='bbox 663 2133 792 2192; x_wconf 81' lang='lat' dir='ltr'>nucibus</span> <span class='ocrx_word' id='word_1_82' title='bbox 807 2135 932 2212; x_wconf 78' lang='lat' dir='ltr'>positz&#39;s,</span> <span class='ocrx_word' id='word_1_83' title='bbox 956 2154 1049 2194; x_wconf 82' lang='lat' dir='ltr'>arma</span> <span class='ocrx_word' id='word_1_84' title='bbox 1072 2136 1238 2212; x_wconf 81' lang='lat' dir='ltr'>virumque</span> <span class='ocrx_word' id='word_1_85' title='bbox 1259 2136 1355 2213; x_wconf 80' lang='lat' dir='ltr'>legas.</span> 
     </span>
    </p>
   </div>
   <div class='ocr_carea' id='block_1_7' title="bbox 300 2349 1395 2544">
    <p class='ocr_par' dir='ltr' id='par_1_7' title="bbox 300 2349 1395 2544">
     <span class='ocr_line' id='line_1_14' title="bbox 389 2349 1394 2434; baseline 0 -20"><span class='ocrx_word' id='word_1_86' title='bbox 389 2356 438 2414; x_wconf 90' lang='lat' dir='ltr'>Ex</span> <span class='ocrx_word' id='word_1_87' title='bbox 462 2352 592 2432; x_wconf 87' lang='lat' dir='ltr'>quibus,</span> <span class='ocrx_word' id='word_1_88' title='bbox 622 2349 738 2415; x_wconf 81' lang='lat' dir='ltr'>Culicis</span> <span class='ocrx_word' id='word_1_89' title='bbox 760 2352 918 2415; x_wconf 88' lang='lat' dir='ltr'>editiones</span> <span class='ocrx_word' id='word_1_90' title='bbox 941 2353 1086 2434; x_wconf 87' lang='lat' dir='ltr'>singulas</span> <span class='ocrx_word' id='word_1_91' title='bbox 1109 2352 1207 2414; x_wconf 85' lang='lat' dir='ltr'>fuisse</span> <span class='ocrx_word' id='word_1_92' title='bbox 1231 2353 1294 2414; x_wconf 88' lang='lat' dir='ltr'>iam</span> <span class='ocrx_word' id='word_1_93' title='bbox 1312 2355 1394 2414; x_wconf 88' lang='lat' dir='ltr'>Mar-</span> 
     </span>
     <span class='ocr_line' id='line_1_15' title="bbox 300 2463 1395 2544; baseline 0.001 -19"><span class='ocrx_word' id='word_1_94' title='bbox 300 2465 384 2526; x_wconf 86' lang='lat' dir='ltr'>tialis</span> <span class='ocrx_word' id='word_1_95' title='bbox 401 2463 611 2542; x_wconf 65' lang='lat' dir='ltr'>temporibus</span> <span class='ocrx_word' id='word_1_96' title='bbox 626 2484 730 2542; x_wconf 85' lang='lat' dir='ltr'>neque</span> <span class='ocrx_word' id='word_1_97' title='bbox 747 2463 842 2536; x_wconf 89' lang='lat' dir='ltr'>hunc,</span> <span class='ocrx_word' id='word_1_98' title='bbox 859 2464 939 2544; x_wconf 92' lang='lat' dir='ltr'>quin</span> <span class='ocrx_word' id='word_1_99' title='bbox 962 2464 1096 2526; x_wconf 84' lang='lat' dir='ltr'>Culicem</span> <span class='ocrx_word' id='word_1_100' title='bbox 1111 2464 1276 2544; x_wconf 89' lang='lat' dir='ltr'>Vergilius</span> <span class='ocrx_word' id='word_1_101' title='bbox 1298 2464 1395 2544; x_wconf 65' lang='lat' dir='ltr'>scrin</span> 
     </span>
    </p>
   </div>
   <div class='ocr_carea' id='block_1_8' title="bbox 301 2558 1394 2658">
    <p class='ocr_par' dir='ltr' id='par_1_8' title="bbox 301 2558 1394 2658">
     <span class='ocr_line' id='line_1_16' title="bbox 301 2558 1394 2658; baseline 0.003 -21"><span class='ocrx_word' id='word_1_102' title='bbox 301 2577 405 2648; x_wconf 70' lang='lat' dir='ltr'>sisset,</span> <span class='ocrx_word' id='word_1_103' title='bbox 430 2576 641 2648; x_wconf 69' lang='lat' dir='ltr'>dubitavisse,</span> <span class='ocrx_word' id='word_1_104' title='bbox 665 2576 757 2638; x_wconf 70' lang='lat' dir='ltr'>facire</span> <span class='ocrx_word' id='word_1_105' title='bbox 780 2577 987 2658; x_wconf 71' lang='lat' dir='ltr'>intellegitur.</span> <span class='ocrx_word' id='word_1_106' title='bbox 1014 2578 1059 2658; x_wconf 86' lang='lat'>(2)</span> <span class='ocrx_word' id='word_1_107' title='bbox 1084 2578 1148 2639; x_wconf 77' lang='lat' dir='ltr'>sed</span> <span class='ocrx_word' id='word_1_108' title='bbox 1173 2576 1234 2639; x_wconf 79' lang='lat' dir='ltr'>hoe</span> <span class='ocrx_word' id='word_1_109' title='bbox 1256 2577 1324 2639; x_wconf 73' lang='lat' dir='ltr'>fieri</span> <span class='ocrx_word' id='word_1_110' title='bbox 1341 2558 1394 2656; x_wconf 59' lang='lat' dir='ltr'>ps</span> 
     </span>
    </p>
   </div>
   <div class='ocr_carea' id='block_1_9' title="bbox 298 2688 1394 3103">
    <p class='ocr_par' dir='ltr' id='par_1_9' title="bbox 298 2688 1394 3103">
     <span class='ocr_line' id='line_1_17' title="bbox 298 2688 1394 2769; baseline 0 -19"><span class='ocrx_word' id='word_1_111' title='bbox 298 2688 398 2750; x_wconf 91' lang='lat' dir='ltr'>tuisse</span> <span class='ocrx_word' id='word_1_112' title='bbox 421 2700 590 2769; x_wconf 85' lang='lat' dir='ltr'>negarunt,</span> <span class='ocrx_word' id='word_1_113' title='bbox 617 2710 675 2763; x_wconf 79' lang='lat' dir='ltr'>nec</span> <span class='ocrx_word' id='word_1_114' title='bbox 698 2689 838 2750; x_wconf 88' lang='lat' dir='ltr'>cunctati</span> <span class='ocrx_word' id='word_1_115' title='bbox 862 2700 938 2750; x_wconf 91' lang='lat' dir='ltr'>sunt</span> <span class='ocrx_word' id='word_1_116' title='bbox 960 2689 1150 2761; x_wconf 85' lang='lat' dir='ltr'>adfirmare,</span> <span class='ocrx_word' id='word_1_117' title='bbox 1176 2699 1276 2750; x_wconf 88' lang='lat' dir='ltr'>totam</span> <span class='ocrx_word' id='word_1_118' title='bbox 1299 2688 1394 2766; x_wconf 91' lang='lat' dir='ltr'>syllo-</span> 
     </span>
     <span class='ocr_line' id='line_1_18' title="bbox 299 2798 1392 2881; baseline -0.001 -20"><span class='ocrx_word' id='word_1_119' title='bbox 299 2820 374 2879; x_wconf 82' lang='lat' dir='ltr'>gen‚</span> <span class='ocrx_word' id='word_1_120' title='bbox 398 2811 434 2861; x_wconf 91' lang='lat' dir='ltr'>ut</span> <span class='ocrx_word' id='word_1_121' title='bbox 457 2800 557 2871; x_wconf 85' lang='lat' dir='ltr'>aiunt,</span> <span class='ocrx_word' id='word_1_122' title='bbox 583 2822 601 2861; x_wconf 88' lang='lat' dir='ltr'>a</span> <span class='ocrx_word' id='word_1_123' title='bbox 626 2800 766 2861; x_wconf 87' lang='lat' dir='ltr'>Martiali</span> <span class='ocrx_word' id='word_1_124' title='bbox 791 2800 992 2881; x_wconf 87' lang='lat' dir='ltr'>designatam</span> <span class='ocrx_word' id='word_1_125' title='bbox 1010 2821 1079 2863; x_wconf 92' lang='lat' dir='ltr'>esse</span> <span class='ocrx_word' id='word_1_126' title='bbox 1095 2798 1133 2861; x_wconf 93' lang='lat' dir='ltr'>iis</span> <span class='ocrx_word' id='word_1_127' title='bbox 1149 2799 1325 2872; x_wconf 77' lang='lat' dir='ltr'>versiculiS,</span> <span class='ocrx_word' id='word_1_128' title='bbox 1342 2800 1392 2861; x_wconf 91' lang='lat' dir='ltr'>vel</span> 
     </span>
     <span class='ocr_line' id='line_1_19' title="bbox 298 2911 1392 2992; baseline -0.001 -20"><span class='ocrx_word' id='word_1_129' title='bbox 298 2911 385 2990; x_wconf 93' lang='lat' dir='ltr'>quod</span> <span class='ocrx_word' id='word_1_130' title='bbox 416 2912 516 2973; x_wconf 81' lang='lat' dir='ltr'><em>Culex</em></span> <span class='ocrx_word' id='word_1_131' title='bbox 539 2912 638 2974; x_wconf 90' lang='lat' dir='ltr'>totius</span> <span class='ocrx_word' id='word_1_132' title='bbox 661 2912 802 2992; x_wconf 89' lang='lat' dir='ltr'>sylloges</span> <span class='ocrx_word' id='word_1_133' title='bbox 815 2912 927 2974; x_wconf 88' lang='lat' dir='ltr'>suisset</span> <span class='ocrx_word' id='word_1_134' title='bbox 954 2933 1061 2990; x_wconf 91' lang='lat' dir='ltr'>«pars</span> <span class='ocrx_word' id='word_1_135' title='bbox 1085 2911 1270 2990; x_wconf 90' lang='lat' dir='ltr'>principalis</span> <span class='ocrx_word' id='word_1_136' title='bbox 1286 2935 1317 2983; x_wconf 88' lang='lat'>&gt;›,</span> <span class='ocrx_word' id='word_1_137' title='bbox 1341 2911 1392 2972; x_wconf 90' lang='lat' dir='ltr'>vel</span> 
     </span>
     <span class='ocr_line' id='line_1_20' title="bbox 299 3022 1243 3103; baseline 0.004 -20"><span class='ocrx_word' id='word_1_138' title='bbox 299 3022 388 3102; x_wconf 90' lang='lat' dir='ltr'>quod</span> <span class='ocrx_word' id='word_1_139' title='bbox 414 3023 475 3084; x_wconf 84' lang='lat' dir='ltr'>hoc</span> <span class='ocrx_word' id='word_1_140' title='bbox 498 3023 629 3085; x_wconf 89' lang='lat' dir='ltr'>nomine</span> <span class='ocrx_word' id='word_1_141' title='bbox 653 3034 719 3086; x_wconf 86' lang='lat' dir='ltr'>tota</span> <span class='ocrx_word' id='word_1_142' title='bbox 743 3035 827 3086; x_wconf 88' lang='lat' dir='ltr'>esset</span> <span class='ocrx_word' id='word_1_143' title='bbox 849 3024 974 3103; x_wconf 86' lang='lat' dir='ltr'>sylloge</span> <span class='ocrx_word' id='word_1_144' title='bbox 998 3022 1160 3101; x_wconf 90' lang='lat' dir='ltr'>inscripta.</span> <span class='ocrx_word' id='word_1_145' title='bbox 1185 3025 1243 3102; x_wconf 83' lang='lat'>(3).</span> 
     </span>
    </p>
   </div>
   <div class='ocr_carea' id='block_1_10' title="bbox 295 3325 1394 4141">
    <p class='ocr_par' dir='ltr' id='par_1_10' title="bbox 297 3325 1391 3580">
     <span class='ocr_line' id='line_1_21' title="bbox 368 3325 1391 3394; baseline 0.002 -16"><span class='ocrx_word' id='word_1_146' title='bbox 368 3327 408 3394; x_wconf 84' lang='lat'>(1)</span> <span class='ocrx_word' id='word_1_147' title='bbox 429 3328 471 3378; x_wconf 87' lang='lat' dir='ltr'>Ex</span> <span class='ocrx_word' id='word_1_148' title='bbox 482 3325 580 3378; x_wconf 89' lang='lat' dir='ltr'>multis</span> <span class='ocrx_word' id='word_1_149' title='bbox 589 3342 689 3390; x_wconf 85' lang='lat' dir='ltr'>unum,</span> <span class='ocrx_word' id='word_1_150' title='bbox 702 3342 738 3378; x_wconf 87' lang='lat' dir='ltr'>ne</span> <span class='ocrx_word' id='word_1_151' title='bbox 748 3326 852 3392; x_wconf 86' lang='lat' dir='ltr'>longus</span> <span class='ocrx_word' id='word_1_152' title='bbox 863 3325 927 3390; x_wconf 89' lang='lat' dir='ltr'>sim,</span> <span class='ocrx_word' id='word_1_153' title='bbox 939 3325 1059 3379; x_wconf 91' lang='lat' dir='ltr'>nomino</span> <span class='ocrx_word' id='word_1_154' title='bbox 1073 3343 1079 3378; x_wconf 94' lang='lat'><strong>:</strong></span> <span class='ocrx_word' id='word_1_155' title='bbox 1093 3325 1132 3377; x_wconf 91' lang='lat' dir='ltr'>M.</span> <span class='ocrx_word' id='word_1_156' title='bbox 1148 3325 1331 3379; x_wconf 78' lang='lat' dir='ltr'>Souurns-</span> <span class='ocrx_word' id='word_1_157' title='bbox 1340 3327 1391 3380; x_wconf 81' lang='lat' dir='ltr'>Ue-</span> 
     </span>
     <span class='ocr_line' id='line_1_22' title="bbox 297 3417 1389 3486; baseline 0.001 -14"><span class='ocrx_word' id='word_1_158' title='bbox 297 3421 347 3472; x_wconf 83' lang='lat' dir='ltr'>ber</span> <span class='ocrx_word' id='word_1_159' title='bbox 362 3420 407 3472; x_wconf 83' lang='lat' dir='ltr'>die</span> <span class='ocrx_word' id='word_1_160' title='bbox 428 3439 442 3471; x_wconf 91' lang='lat'>«</span> <span class='ocrx_word' id='word_1_161' title='bbox 455 3419 613 3486; x_wconf 76' lang='lat' dir='ltr'>Appendix</span> <span class='ocrx_word' id='word_1_162' title='bbox 632 3418 815 3485; x_wconf 71' lang='lat' dir='ltr'>vergiliana»</span> <span class='ocrx_word' id='word_1_163' title='bbox 838 3417 991 3471; x_wconf 84' lang='lat' dir='ltr'>Frankfurt</span> <span class='ocrx_word' id='word_1_164' title='bbox 1009 3434 1036 3470; x_wconf 88' lang='lat' dir='ltr'>a.</span> <span class='ocrx_word' id='word_1_165' title='bbox 1057 3419 1092 3471; x_wconf 91' lang='lat' dir='ltr'>O.</span> <span class='ocrx_word' id='word_1_166' title='bbox 1117 3421 1201 3482; x_wconf 76' lang='lat'><em>18873</em></span> <span class='ocrx_word' id='word_1_167' title='bbox 1221 3426 1389 3484; x_wconf 84' lang='lat' dir='ltr'>praeterea:</span> 
     </span>
     <span class='ocr_line' id='line_1_23' title="bbox 299 3512 1246 3580; baseline -0.003 -13"><span class='ocrx_word' id='word_1_168' title='bbox 299 3514 436 3567; x_wconf 82' lang='lat' dir='ltr'>Berliner</span> <span class='ocrx_word' id='word_1_169' title='bbox 448 3512 655 3580; x_wconf 71' lang='lat' dir='ltr'>philologisclre</span> <span class='ocrx_word' id='word_1_170' title='bbox 680 3512 1001 3577; x_wconf 78' lang='lat' dir='ltr'>Woclzenschrifl1888.</span> <span class='ocrx_word' id='word_1_171' title='bbox 1024 3515 1050 3566; x_wconf 91' lang='lat'>8.</span> <span class='ocrx_word' id='word_1_172' title='bbox 1070 3528 1099 3578; x_wconf 89' lang='lat' dir='ltr'>p.</span> <span class='ocrx_word' id='word_1_173' title='bbox 1122 3525 1182 3577; x_wconf 78' lang='lat'>714,</span> <span class='ocrx_word' id='word_1_174' title='bbox 1203 3529 1246 3578; x_wconf 91' lang='lat' dir='ltr'>sq.</span> 
     </span>
    </p>

    <p class='ocr_par' dir='ltr' id='par_1_11' title="bbox 367 3606 1178 3677">
     <span class='ocr_line' id='line_1_24' title="bbox 367 3606 1178 3677; baseline -0.005 -16"><span class='ocrx_word' id='word_1_175' title='bbox 367 3610 409 3677; x_wconf 75' lang='lat'>(2)</span> <span class='ocrx_word' id='word_1_176' title='bbox 430 3610 496 3661; x_wconf 88' lang='lat' dir='ltr'>Hoc</span> <span class='ocrx_word' id='word_1_177' title='bbox 515 3606 592 3660; x_wconf 87' lang='lat' dir='ltr'>idem</span> <span class='ocrx_word' id='word_1_178' title='bbox 611 3606 700 3660; x_wconf 89' lang='lat' dir='ltr'>sensit</span> <span class='ocrx_word' id='word_1_179' title='bbox 718 3608 916 3660; x_wconf 74' lang='lat' dir='ltr'>TEuqumus</span> <span class='ocrx_word' id='word_1_180' title='bbox 934 3606 967 3674; x_wconf 87' lang='lat'>(1.</span> <span class='ocrx_word' id='word_1_181' title='bbox 988 3622 1010 3658; x_wconf 90' lang='lat' dir='ltr'>s.</span> <span class='ocrx_word' id='word_1_182' title='bbox 1033 3609 1045 3672; x_wconf 61' lang='lat' dir='ltr'>Q</span> <span class='ocrx_word' id='word_1_183' title='bbox 1067 3621 1128 3671; x_wconf 83' lang='lat'>230.</span> <span class='ocrx_word' id='word_1_184' title='bbox 1151 3608 1178 3674; x_wconf 91' lang='lat'>1)</span> 
     </span>
    </p>

    <p class='ocr_par' dir='ltr' id='par_1_12' title="bbox 295 3697 1394 4141">
     <span class='ocr_line' id='line_1_25' title="bbox 368 3697 1391 3767; baseline -0.001 -14"><span class='ocrx_word' id='word_1_185' title='bbox 368 3701 408 3767; x_wconf 80' lang='lat'>(3)</span> <span class='ocrx_word' id='word_1_186' title='bbox 428 3702 489 3754; x_wconf 84' lang='lat' dir='ltr'>Ita:</span> <span class='ocrx_word' id='word_1_187' title='bbox 513 3702 737 3754; x_wconf 67' lang='lat' dir='ltr'>Baunuuuuus</span> <span class='ocrx_word' id='word_1_188' title='bbox 757 3701 787 3764; x_wconf 85' lang='lat' dir='ltr'>(l.</span> <span class='ocrx_word' id='word_1_189' title='bbox 808 3718 831 3754; x_wconf 91' lang='lat' dir='ltr'>s.</span> <span class='ocrx_word' id='word_1_190' title='bbox 852 3717 881 3767; x_wconf 91' lang='lat' dir='ltr'>p.</span> <span class='ocrx_word' id='word_1_191' title='bbox 904 3699 959 3766; x_wconf 84' lang='lat'>26);</span> <span class='ocrx_word' id='word_1_192' title='bbox 980 3701 1192 3765; x_wconf 70' lang='lat' dir='ltr'>sonurrnws,</span> <span class='ocrx_word' id='word_1_193' title='bbox 1214 3697 1243 3751; x_wconf 91' lang='lat' dir='ltr'>in</span> <span class='ocrx_word' id='word_1_194' title='bbox 1262 3715 1298 3751; x_wconf 88' lang='lat' dir='ltr'>eo</span> <span class='ocrx_word' id='word_1_195' title='bbox 1317 3698 1391 3752; x_wconf 90' lang='lat' dir='ltr'>libro</span> 
     </span>
     <span class='ocr_line' id='line_1_26' title="bbox 295 3794 1389 3865; baseline 0 -19"><span class='ocrx_word' id='word_1_196' title='bbox 295 3796 345 3860; x_wconf 88' lang='lat' dir='ltr'>qui</span> <span class='ocrx_word' id='word_1_197' title='bbox 356 3795 520 3847; x_wconf 85' lang='lat' dir='ltr'>inscribitur</span> <span class='ocrx_word' id='word_1_198' title='bbox 532 3815 546 3846; x_wconf 65' lang='lat' dir='ltr'>r</span> <span class='ocrx_word' id='word_1_199' title='bbox 563 3795 665 3862; x_wconf 80' lang='lat' dir='ltr'>Vergil</span> <span class='ocrx_word' id='word_1_200' title='bbox 672 3798 715 3847; x_wconf 81' lang='lat' dir='ltr'>als</span> <span class='ocrx_word' id='word_1_201' title='bbox 727 3796 904 3849; x_wconf 76' lang='lat' dir='ltr'>bukolisclzer</span> <span class='ocrx_word' id='word_1_202' title='bbox 914 3796 1039 3849; x_wconf 74' lang='lat' dir='ltr'>Dichter</span> <span class='ocrx_word' id='word_1_203' title='bbox 1050 3794 1167 3865; x_wconf 79' lang='lat' dir='ltr'>(Frank.</span> <span class='ocrx_word' id='word_1_204' title='bbox 1182 3812 1208 3847; x_wconf 87' lang='lat' dir='ltr'>a.</span> <span class='ocrx_word' id='word_1_205' title='bbox 1224 3795 1259 3847; x_wconf 90' lang='grc' dir='ltr'>Ο.</span> <span class='ocrx_word' id='word_1_206' title='bbox 1275 3794 1389 3865; x_wconf 82' lang='lat'><em>1892)-</em></span> 
     </span>
     <span class='ocr_line' id='line_1_27' title="bbox 296 3888 1390 3956; baseline 0.001 -15"><span class='ocrx_word' id='word_1_207' title='bbox 296 3888 364 3942; x_wconf 84' lang='lat' dir='ltr'>Scio</span> <span class='ocrx_word' id='word_1_208' title='bbox 383 3889 518 3955; x_wconf 90' lang='lat' dir='ltr'>equidem</span> <span class='ocrx_word' id='word_1_209' title='bbox 538 3905 600 3941; x_wconf 90' lang='lat' dir='ltr'>esse</span> <span class='ocrx_word' id='word_1_210' title='bbox 619 3889 774 3941; x_wconf 90' lang='lat' dir='ltr'>nonnullos</span> <span class='ocrx_word' id='word_1_211' title='bbox 793 3888 881 3942; x_wconf 89' lang='lat' dir='ltr'>libros</span> <span class='ocrx_word' id='word_1_212' title='bbox 900 3888 977 3956; x_wconf 91' lang='lat' dir='ltr'>apud</span> <span class='ocrx_word' id='word_1_213' title='bbox 997 3905 1060 3952; x_wconf 82' lang='lat' dir='ltr'>n05,</span> <span class='ocrx_word' id='word_1_214' title='bbox 1081 3888 1263 3955; x_wconf 88' lang='lat' dir='ltr'>potissimum</span> <span class='ocrx_word' id='word_1_215' title='bbox 1283 3888 1390 3942; x_wconf 87' lang='lat' dir='ltr'>fabula-</span> 
     </span>
     <span class='ocr_line' id='line_1_28' title="bbox 296 3979 1394 4054; baseline 0.003 -23"><span class='ocrx_word' id='word_1_216' title='bbox 296 3996 369 4044; x_wconf 89' lang='lat' dir='ltr'>rum,</span> <span class='ocrx_word' id='word_1_217' title='bbox 390 3981 440 4047; x_wconf 90' lang='lat' dir='ltr'>qui</span> <span class='ocrx_word' id='word_1_218' title='bbox 459 3997 635 4047; x_wconf 88' lang='lat' dir='ltr'>quamquam</span> <span class='ocrx_word' id='word_1_219' title='bbox 653 3980 802 4047; x_wconf 90' lang='lat' dir='ltr'>complura</span> <span class='ocrx_word' id='word_1_220' title='bbox 821 3979 979 4045; x_wconf 87' lang='lat' dir='ltr'>continent,</span> <span class='ocrx_word' id='word_1_221' title='bbox 1000 3997 1057 4033; x_wconf 90' lang='lat' dir='ltr'>una</span> <span class='ocrx_word' id='word_1_222' title='bbox 1077 3998 1112 4034; x_wconf 87' lang='lat' dir='ltr'>ex</span> <span class='ocrx_word' id='word_1_223' title='bbox 1131 3997 1161 4033; x_wconf 89' lang='lat' dir='ltr'>re</span> <span class='ocrx_word' id='word_1_224' title='bbox 1180 3988 1287 4045; x_wconf 89' lang='lat' dir='ltr'>tamen,</span> <span class='ocrx_word' id='word_1_225' title='bbox 1302 3981 1394 4054; x_wconf 85' lang='lat' dir='ltr'>scrip-¹</span> 
     </span>
     <span class='ocr_line' id='line_1_29' title="bbox 295 4073 1388 4141; baseline 0.001 -14"><span class='ocrx_word' id='word_1_226' title='bbox 295 4073 366 4127; x_wconf 89' lang='lat' dir='ltr'>toris</span> <span class='ocrx_word' id='word_1_227' title='bbox 385 4075 514 4140; x_wconf 83' lang='lat' dir='ltr'>arbitrio,</span> <span class='ocrx_word' id='word_1_228' title='bbox 536 4073 739 4138; x_wconf 90' lang='lat' dir='ltr'>inscribuntur;</span> <span class='ocrx_word' id='word_1_229' title='bbox 760 4073 813 4128; x_wconf 89' lang='lat' dir='ltr'>sed</span> <span class='ocrx_word' id='word_1_230' title='bbox 831 4074 886 4126; x_wconf 90' lang='lat' dir='ltr'>hoc</span> <span class='ocrx_word' id='word_1_231' title='bbox 905 4090 995 4141; x_wconf 88' lang='lat' dir='ltr'>rogo:</span> <span class='ocrx_word' id='word_1_232' title='bbox 1011 4073 1232 4141; x_wconf 84' lang='lat' dir='ltr'>possidemusne</span> <span class='ocrx_word' id='word_1_233' title='bbox 1246 4076 1388 4141; x_wconf 82' lang='lat' dir='ltr'>exempla,</span> 
     </span>
    </p>
   </div>
   <div class='ocr_carea' id='block_1_11' title="bbox 0 0 1696 5212">
    <p class='ocr_par' dir='ltr' id='par_1_13' title="bbox 0 0 1696 5212">
     <span class='ocr_line' id='line_1_30' title="bbox 0 0 1696 5212; baseline 0 1"><span class='ocrx_word' id='word_1_234' title='bbox 0 0 1696 5212; x_wconf 95' lang='lat' dir='ltr'> </span> 
     </span>
    </p>
   </div>
  </div>
 </body>
</html>
