3384 5212
718 489 859 540 .·.23..

237 635 330 710 gz'cr's,
364 653 428 693 non
452 632 486 693 in
514 634 621 697 ,Culz'ce
644 646 694 697 est
724 636 803 697 haec
834 636 1002 716 diligentia
1036 637 1129 715 quasi
1153 637 1337 717 repetenda;

242 742 295 803 hic
310 742 396 804 enim
413 764 463 805 res
480 757 688 824 exponuntur
711 747 811 818 fictae,
829 746 998 826 inquibus
1021 758 1052 808 et
1075 759 1189 826 poetae
1215 773 1233 807 «
1245 749 1338 828 quid-

241 856 320 917 libet
343 857 485 918 audendi
508 879 636 938 semper
658 860 719 920 suit
742 880 845 938 aequa
869 870 1040 938 potestas»
1067 870 1100 920 et
1124 879 1174 921 res
1199 858 1337 921 rusticae

242 977 408 1046 tamquam
444 968 567 1031 alienae
601 970 752 1041 fuerunt;
777 969 842 1030 illic
864 981 1034 1049 praecepta
1057 970 1185 1031 rusticis
1201 970 1338 1032 conscri-

241 1077 372 1150 buntur,
390 1078 423 1138 in
447 1078 565 1158 quibus
589 1091 720 1158 propter
747 1080 807 1141 hoc
831 1080 936 1159 ipsum
962 1080 1102 1142 maxima
1125 1102 1201 1143 cura
1224 1092 1339 1161 poetae

241 1211 369 1269 semper
391 1189 452 1250 fuit
475 1190 669 1253 adhibenda.

332 1303 427 1362 Nunc
451 1322 552 1380 pauca
575 1302 679 1364 dicam
704 1303 744 1364 de
767 1303 914 1364 versibus
938 1303 1025 1383 ipsis,
1043 1305 1083 1366 de
1107 1327 1242 1367 numero
1266 1326 1337 1384 poe·

243 1413 304 1475 tice
327 1413 447 1496 vincto,
471 1414 512 1475 de
536 1416 706 1476 verborum
741 1415 864 1487 ordine,
889 1417 931 1478 de
954 1417 1044 1478 latini
1079 1417 1237 1479 sermonis
1261 1416 1338 1477 inte·

242 1524 370 1607 gritate‚
406 1524 554 1605 denique.
580 1526 621 1587 de
643 1547 762 1605 genere
797 1527 967 1593 scribendi.
1005 1529 1097 1608 Quae
1125 1529 1244 1601 omnia,
1273 1550 1337 1590 non

244 1639 351 1700 minus
375 1661 472 1720 quarn
496 1651 723 1721 argumentum
756 1641 872 1721 ipsum,
898 1642 1045 1704 nonnulli
1068 1643 1155 1705 docti
1180 1642 1337 1714 homineS,

242 1750 299 1830 qui
315 1751 395 1826 nihil
412 1752 443 1812 in
467 1753 569 1814 Culice
591 1752 722 1813 laudare
737 1753 920 1825 voluerunt,
940 1752 1045 1814 conati
1062 1765 1138 1814 sunt
1158 1753 1338 1833 denigrare;

243 1875 354 1923 contra
376 1863 432 1923 alii
469 1863 529 1924 hoc
553 1863 693 1924 maxime
716 1862 967 1924 existimandum
999 1874 1202 1935 censuerunt,
1226 1883 1339 1925 versus

243 1993 312 2034 esse
327 1973 549 2053 elegantiores,
567 1995 664 2052 quam
681 1974 737 2053 qui
755 1995 820 2035 rem
839 1986 902 2036 tam
918 1975 1008 2052 parvi
1026 1974 1180 2036 momenti
1203 1973 1339 2035 celebra·

244 2094 325 2155 rent;
350 2084 478 2164 utrique
502 2086 562 2147 hoc
585 2106 713 2147 carmen
738 2087 871 2147 omnino
894 2086 1161 2147 abiudicaverunt
1183 2084 1338 2165 Vergilio,

335 2194 432 2273 Quod
449 2194 565 2256 attinet
579 2196 621 2254 ad
645 2215 723 2273 rem,
738 2194 801 2254 iam
819 2215 947 2273 sperare
968 2195 1135 2267 audemus,
1160 2195 1350 2256 rationibus*

245 2305 400 2384 expositis
416 2305 468 2386 (ad
493 2326 524 2384 p.
546 2324 595 2383 13,
614 2325 650 2365 21
671 2307 766 2385 sqq.),
780 2327 861 2378 earn,
886 2306 1034 2386 quamvis
1058 2307 1148 2386 parvi
1173 2308 1338 2380 momenti,

244 2439 262 2477 a
286 2415 431 2495 Vergilio
455 2416 697 2479 adulescentulo
724 2438 789 2478 non
812 2417 949 2479 alienam
974 2417 1076 2479 videri
1100 2439 1215 2500 posse;
1249 2418 1338 2498 quod

244 2530 286 2590 ad
310 2551 431 2602 versus,
457 2530 520 2591 iam
544 2553 584 2593 ex
620 2531 851 2593 recentioribus
875 2531 1065 2610 complures,
1095 2531 1127 2593 in
1152 2532 1203 2593 his
1227 2533 1338 2593 Hertz·
1417 2599 1421 2605 .

245 2640 375 2720 bergius
400 2640 514 2721 Eglius
538 2643 688 2715 Lederer,
710 2664 782 2704 cum
807 2654 839 2704 et
863 2662 1032 2702 numerum
1063 2653 1096 2703 et
1119 2662 1282 2703 caesuram
1306 2652 1339 2702 et

246 2751 416 2825 incessum,
452 2764 489 2815 ut
524 2754 568 2815 ita
599 2755 714 2828 dicam,
749 2766 964 2817 consentanea
998 2775 1071 2816 curn
1107 2755 1339 2834 posterioribus

245 2865 441 2946 Vergilianis
465 2867 662 2929 carminibus
685 2880 888 2940 censuerunt,
914 2879 982 2929 tum
1008 2867 1047 2928 iis
1071 2867 1218 2930 versibus
1242 2865 1340 2927 maxi·

245 3001 313 3040 mas
338 2980 521 3042 tribuerunt
544 2981 665 3043 laudes,

335 3091 463 3170 Quibus
486 3091 519 3151 in
544 3093 639 3153 rebus
662 3092 816 3171 quoniam
841 3092 880 3153 iis
903 3092 1007 3154 doctis
1029 3093 1107 3155 viris
1130 3091 1263 3153 omnino
1286 3091 1340 3152 ad-

246 3197 412 3270 sentimus
436 3198 478 3258 ad
513 3219 624 3260 eorum
650 3198 758 3271 libros,
783 3220 824 3261 ne
858 3200 991 3280 longum
1017 3201 1081 3283 fiat,
1105 3200 1268 3262 studiosos
1296 3220 1340 3261 re·

246 3307 414 3372 mittimus

337 3419 403 3499 Qui
427 3431 534 3482 autern
558 3421 667 3483 vitiosi
690 3433 722 3482 et
745 3423 1002 3501 reprehendendi
1026 3423 1086 3484 loci
1111 3443 1206 3502 saepe
1229 3422 1261 3483 in
1283 3423 1341 3484 Cre-

247 3535 301 3594 lr'ce
324 3534 537 3617 reperiuntur,
563 3556 636 3596 cum
659 3536 710 3598 vel
735 3535 767 3596 in
790 3537 961 3597 verborum
986 3537 1108 3608 ordine,
1125 3537 1176 3599 vel
1201 3536 1232 3597 in
1257 3536 1341 3597 locu·

247 3646 389 3706 tionibus
412 3668 431 3706 a
467 3646 557 3707 latini
581 3647 739 3709 sermonis
770 3648 953 3728 integritate
975 3648 1176 3728 aliquantum
1208 3648 1339 3720 distent,

247 3780 357 3820 eorum
383 3758 523 3820 maxima
546 3781 620 3838 pars
644 3772 680 3822 ut
703 3781 783 3832 reor,
809 3761 942 3823 omnino
966 3760 1113 3832 librariis,
1139 3781 1203 3835 non
1227 3770 1341 3839 poetae

247 3882 323 3933 sunt
346 3870 519 3935 tribuendi.
545 3872 608 3933 Hic
632 3871 709 3933 satis
732 3873 793 3935 erit
816 3895 917 3934 unum
941 3873 1125 3952 exemplum
1150 3872 1282 3934 afferre:

249 4099 311 4170 366
336 4093 480 4173 legitime
503 4095 598 4156 cessit
622 4095 673 4157 eui
697 4096 795 4157 fracta
819 4095 962 4175 potentia
986 4095 1081 4176 regis
