3384 5212
840 1282 895 1343 IV.

412 1510 527 1570 Restat
551 1518 587 1568 ut
611 1507 766 1568 nonnulla
788 1507 830 1568 de
854 1506 1042 1577 rationibus,
1059 1526 1143 1585 quae
1165 1505 1207 1567 ad
1223 1517 1324 1567 artem
1348 1525 1417 1584 per-

322 1617 435 1688 tinent,
459 1615 615 1679 dicamus

412 1728 458 1787 At
480 1726 521 1787 de
544 1724 595 1786 his
619 1725 700 1786 bene
732 1724 786 1785 illo
811 1726 1033 1785 Romanorum
1064 1724 1235 1802 proverbio
1263 1722 1417 1803 praecipi-

321 1850 395 1900 tur:
425 1848 506 1916 quot
528 1834 686 1906 homines,
712 1846 760 1895 tot
789 1835 976 1900 sententiae.
1001 1837 1108 1914 Quam
1132 1836 1175 1896 ob
1199 1856 1264 1896 rem
1290 1836 1326 1905 is,
1358 1833 1415 1913 qui

321 1971 416 2011 suum
444 1948 609 2017 iudicium,
632 1932 730 2025 idque
755 1946 945 2025 intellegens
968 1947 1087 2008 subtile
1109 1946 1250 2026 elegans,
1267 1947 1308 2008 ad
1332 1947 1416 2008 hanc

322 2061 575 2142 disputationem
600 2059 754 2120 adhibere
776 2059 872 2130 volet,
897 2071 929 2121 et
956 2080 1086 2139 perraro
1109 2081 1181 2121 cum
1206 2060 1320 2121 ceteris
1343 2080 1416 2120 con-

322 2174 448 2254 sentiet,
472 2183 504 2232 et
538 2191 656 2231 avero
680 2169 814 2230 sortasse
846 2169 1033 2231 abducetur.
1070 2170 1228 2231 Iudicium
1256 2181 1305 2232 est
1327 2170 1413 2231 enim

321 2282 548 2365 pulcritudinis
573 2280 669 2341 iudex
686 2285 802 2359 (neque
819 2292 925 2342 tamen
951 2281 1047 2342 iudex
1062 2303 1189 2361 semper
1204 2279 1331 2367 certus),
1349 2301 1414 2342 non

321 2396 440 2457 arbiter
463 2394 548 2455 veri:
574 2414 685 2454 verum
704 2403 826 2471 spectat
849 2404 975 2454 tanturn
999 2393 1041 2453 ad
1075 2392 1253 2465 historiam,
1277 2393 1319 2453 ad
1354 2392 1417 2453 dis·

320 2507 445 2568 serendi
471 2505 627 2567 rationem
658 2516 690 2565 et
713 2505 898 2576 scientiam;
923 2526 1027 2584 neque
1056 2525 1184 2566 necesse
1214 2515 1263 2565 est
1289 2524 1417 2582 semper

321 2639 394 2678 curn
419 2617 635 2697 pulcritudine
658 2617 865 2678 coniunctum
891 2618 1082 2679 inveniatur.

411 2731 545 2801 Tamen,
570 2740 680 2790 nostro
714 2749 846 2808 quoque
870 2729 989 2790 iudicio
1013 2729 1167 2791 hocloco
1195 2728 1288 2789 nobis
1312 2728 1359 2789 uti
1383 2727 1418 2788 li·

320 2842 414 2906 cebit.
440 2842 488 2903 Ac
512 2841 651 2921 primum
676 2841 829 2920 quidem:
856 2850 963 2902 nonne
978 2841 1159 2920 Vergilium
1182 2840 1296 2902 Culicis
1319 2850 1416 2900 mate·

320 2953 367 3013 ria
389 2952 506 3013 decet?

411 3064 546 3124 Constat
563 3061 816 3141 uniuscuiusque
837 3060 978 3122 hominis
995 3061 1136 3123 indolem
1153 3061 1316 3140 quandam
1334 3081 1413 3134 esse,

320 3174 372 3235 cui
397 3194 462 3234 non
486 3173 590 3233 solum
615 3171 715 3232 animi
740 3183 856 3243 motus,
874 3172 931 3232 sed
956 3171 1044 3251 ipsae
1067 3172 1163 3234 etiam
1190 3172 1307 3233 mentis
1330 3172 1414 3252 cogi·

290 3309 293 3316 ·
322 3285 459 3346 tationes
484 3294 626 3362 pareant.
663 3285 735 3344 Hoc
758 3305 835 3345 sane
857 3295 991 3364 apparet
1022 3284 1055 3345 in
1080 3284 1128 3357 iis,
1154 3284 1209 3364 qui
1237 3284 1359 3346 litteras
1382 3294 1415 3346 et

320 3405 405 3454 artes
429 3393 575 3454 liberales
591 3393 709 3464 colunt,
728 3393 899 3473 praecipue
923 3393 955 3453 in
979 3393 1093 3472 poetis;
1117 3393 1184 3473 qui,
1200 3415 1273 3455 curn
1297 3393 1414 3456 studiis

321 3504 388 3566 suis
412 3504 641 3582 obsequantur,
659 3505 700 3565 ad
718 3505 795 3566 haec
813 3526 876 3566 non
901 3506 1005 3566 solum
1030 3505 1159 3566 dicendi
1176 3526 1289 3585 genuS,
1302 3526 1415 3568 verum

321 3617 417 3678 etiam
443 3616 621 3678 carminum
645 3630 836 3696 argumenta
862 3617 999 3678 naturali
1012 3618 1152 3696 quadam
1178 3617 1210 3677 vi
1234 3638 1330 3696 saepe
1344 3638 1418 3679 con·

271 3708 273 3712 Ι
320 3726 468 3790 formant.
488 3727 582 3786 Nunc
595 3725 621 3786 si
639 3726 671 3786 in
689 3728 842 3788 Bucolicis
852 3737 884 3787 et
907 3727 1071 3805 Georgicis
1086 3747 1157 3787 curn
1177 3737 1416 3806 argumentum,

267 3833 269 3838 ’
322 3848 390 3897 turn
408 3859 505 3916 quarn
531 3838 701 3917 magnifice
725 3850 832 3917 atque,
851 3849 886 3898 ut
903 3837 947 3898 ita
970 3838 1085 3911 dicam,
1103 3837 1260 3899 divinitus
1284 3837 1317 3898 id
1341 3838 1418 3899 cele-

320 3950 447 4011 bratum
461 3949 512 4023 sit,
526 3949 812 4023 considerabimus,
829 3951 962 4011 sortasse
974 3949 1071 4030 longe
1084 3972 1102 4011 a
1115 3970 1192 4012 vero
1204 3971 1269 4011 non
1282 3948 1418 4011 abduce-
