3384 5212
636 604 641 612 .
729 519 870 607 Αρρᾀ

341 684 388 745 lta
411 680 572 768 scribunt,
596 699 633 749 ut
656 689 810 769 scriptum
835 701 883 752 est
907 690 939 750 in
963 691 1114 754 omnibus
1139 694 1203 755 lere
1227 680 1344 757 codici-

185 794 187 798 ’
253 793 330 864 bu's,
365 794 599 869 BaehrensiuS,
626 800 712 871 Leo,
739 799 831 861 multi
863 801 939 871 alii;
964 822 1037 861 cum
1065 803 1230 874 «facta»,
1255 806 1342 883 quod

252 908 477 996 tantummodo
501 909 665 971 invenitur
689 911 721 971 in
754 912 920 984 Vaticana,
947 912 1066 973 nullam
1100 916 1251 992 praebeat
1276 938 1343 978 sen-

252 1021 395 1087 tentiam.
413 1023 447 1084 Si
465 1043 515 1085 res
538 1036 586 1086 est
609 1025 843 1106 antiquissimis
866 1027 1031 1088 codicibus
1055 1028 1236 1102 iudicanda,
1258 1031 1344 1093 «sac-

252 1141 284 1190 ta
296 1155 314 1188 »
340 1130 478 1192 scribere
501 1144 644 1210 oportet;
668 1134 734 1204 sed,
766 1155 848 1213 quae
871 1135 913 1196 sit
936 1136 985 1196 vis
1008 1136 1096 1197 vocis
1123 1137 1341 1217 «legitime»,

252 1241 340 1302 haud
364 1241 456 1303 facile
480 1242 687 1323 intellegitur.
712 1247 795 1305 Nam
820 1246 908 1324 quod
934 1247 999 1308 Leo
1023 1248 1214 1320 adfirmavit,
1236 1273 1253 1306 ‹<
1269 1249 1345 1329 legi-

252 1351 361 1412 time»
389 1352 473 1414 idem
498 1353 603 1415 valere
626 1365 725 1433 atque
752 1379 769 1412 ‹<
785 1354 853 1416 iure
869 1381 906 1426 >›,
933 1355 965 1415 id
990 1356 1079 1418 nullo
1102 1359 1250 1437 exemplo
1274 1379 1344 1437 pro-

251 1463 348 1534 bavit;
373 1485 478 1545 neque
502 1466 615 1527 melius
639 1466 783 1546 Scaliger
809 1492 826 1526 «
844 1468 1011 1547 legitimi»
1033 1469 1188 1531 Heinsius
1215 1494 1232 1528 ‹<
1250 1472 1343 1532 liniti-

252 1571 295 1632 mi
312 1597 330 1631 >›
359 1573 559 1635 Ribbeckius
586 1573 807 1636 «limitibus»
834 1576 1069 1637 restituendum
1101 1577 1343 1664 existimantes,

251 1683 441 1744 sententiam
467 1684 748 1766 explanaverunt(
771 1688 791 1765 ).

340 1798 385 1859 At
409 1809 517 1860 nostra
542 1799 695 1861 memoria
720 1800 872 1873 Ellisius,
898 1802 1008 1863 codice
1039 1802 1186 1865 Cossinio
1210 1826 1340 1866 usus-

250 1929 347 1988 quem
373 1911 497 1971 Romae
528 1910 611 1972 inter
643 1912 769 1973 codices
806 1912 971 1974 Corsiniae
1002 1914 1232 1986 bibliothecae,
1258 1916 1341 1979 inve-

251 2021 519 2099 nerat-optime
543 2021 629 2104 hunc
652 2024 824 2084 obscurum
849 2023 953 2085 locum
980 2024 1160 2086 illustravit.

340 2130 487 2213 Etenim,
511 2151 583 2191 cum
609 2130 641 2190 in
665 2152 703 2192 eo
727 2131 837 2193 codice
861 2132 904 2193 ita
927 2155 958 2198 v.
985 2139 1048 2211 366
1074 2135 1227 2197 traditum
1257 2138 1343 2200 inve-

251 2239 366 2301 nisset:
395 2240 490 2301 «Cui
514 2241 609 2302 cessit
633 2241 793 2303 lidithime
820 2243 902 2303 facta
933 2243 1077 2321 potentia
1111 2245 1241 2324 regis»,
1267 2269 1342 2309 eun·

250 2351 324 2413 dem
349 2352 393 2412 ita
416 2352 576 2414 restituit:
605 2353 695 2427 «Cui
717 2353 812 2415 cessit
836 2354 920 2433 Lydi
945 2354 1105 2416 timefacta
1129 2358 1272 2434 potentia
1298 2381 1343 2420 re-

249 2462 343 2541 gis»,
361 2463 500 2525 scilicet:
520 2466 686 2536 Porsenae,
705 2465 914 2525 Etruscorum
941 2466 1036 2547 regis,
1060 2488 1157 2546 quem
1183 2471 1340 2547 populum

250 2595 290 2635 ex
314 2575 430 2637 fabulis
453 2576 635 2655 accepimus
659 2588 765 2638 ortum
790 2597 860 2638 esse
882 2598 901 2636 a
926 2577 1048 2656 Lydiis.

321 2895 360 2967 (Ι)
381 2896 564 2962 Quamquam
584 2905 651 2962 post
669 2895 832 2961 Hauptium
851 2894 986 2962 permulti
1005 2892 1200 2959 inveniuntur,
1216 2897 1265 2963 qui
1289 2897 1341 2948 Cn-

250 2987 314 3039 licis
333 2986 419 3039 verba
438 2985 485 3038 hic
503 2993 590 3052 atque
610 2987 667 3040 illic
685 2987 840 3052 explanare
859 2995 945 3052 atque
963 2986 1117 3038 ernendare
1136 2988 1232 3039 conati
1253 2995 1339 3052 sunt,

250 3075 279 3127 in
298 3076 343 3128 his
362 3075 501 3127 memoria
520 3084 618 3128 nostra
638 3075 771 3138 Ellisius,
793 3075 836 3127 vir
855 3074 992 3140 singulari
1013 3074 1111 3126 labore
1129 3082 1158 3127 et
1177 3075 1336 3142 industria,

250 3169 391 3234 permulta
410 3175 506 3220 tamen
525 3169 691 3221 etiamnunc
709 3175 827 3221 manent
846 3175 989 3232 corrupta3
1006 3183 1079 3232 quae
1093 3165 1210 3232 quidem
1225 3168 1269 3220 nis
1282 3168 1341 3220 die·

250 3259 304 3314 bus
323 3260 401 3327 apud
420 3261 581 3314 Germanos
602 3261 670 3324 Leo,
685 3259 787 3313 codice
807 3259 942 3312 Bembina
961 3259 1163 3311 tantummodo
1182 3275 1341 3313 usus—re·

249 3353 335 3421 liquis
353 3354 485 3406 consulto
504 3352 622 3405 remotis
633 3353 796 3405 -sortasse
816 3353 884 3405 satis
903 3352 1056 3418 explanata
1074 3352 1196 3418 putavit.

320 3447 473 3513 Equidem,
494 3463 559 3499 cum
579 3463 632 3499 nec
650 3445 949 3512 Corsinium—quem
968 3445 1078 3511 primus
1097 3445 1213 3498 Ellisius
1232 3446 1342 3500 invenit

250 3542 305 3614 (Cf.
321 3543 448 3608 Journal
464 3540 501 3608 of
513 3541 665 3606 Philology
686 3539 765 3610 1887)
785 3556 928 3606 quemque
948 3539 1113 3590 hisdiebus
1133 3541 1243 3591 Romae
1259 3541 1284 3606 J.
1307 3541 1338 3591 B.

249 3639 415 3700 SIRAGUSA,
427 3634 610 3689 doctissimus
624 3634 675 3697 vir,
691 3651 757 3686 cum
776 3633 913 3686 Bembino
932 3632 968 3684 ad
988 3648 1081 3683 meam
1101 3632 1254 3694 utilitatem
1274 3647 1340 3683 con·

250 3728 324 3792 tulit,
345 3743 398 3781 nec
417 3725 574 3793 quemlibet
596 3725 700 3778 Culicis
717 3723 848 3778 codicem
868 3723 1008 3789 inspicere
1027 3723 1196 3787 potuissem;
1217 3737 1341 3787 cumque

248 3821 333 3875 nimis
352 3820 553 3886 intempestive
566 3819 642 3870 hunc
659 3817 786 3869 libellum
800 3816 886 3868 edere
905 3814 1078 3877 debuissem;
1091 3813 1170 3865 nolui
1185 3813 1339 3878 quicquam

249 3909 381 3976 experiri.
403 3908 462 3961 Sed
481 3916 510 3960 et
527 3906 701 3970 Corsinium,
716 3914 746 3958 et
758 3906 883 3971 reliquos
901 3905 1016 3957 codices
1038 3904 1178 3970 inspicere
1192 3905 1220 3956 in
1238 3902 1341 3973 {animo

248 3998 352 4062 habeo;
376 3997 539 4064 quodcum
563 3997 676 4059 secero,
700 3995 804 4047 [illicis
823 3995 909 4047 verba
928 4009 980 4060 pro
1000 3992 1108 4045 viribus
1132 3993 1259 4044 conabor
1278 4007 1340 4057 per-

249 4092 341 4161 sequi.
