3384 5212
781 510 921 574 ,46-

301 659 442 721 aculeum
458 660 546 739 fixit
561 660 695 738 pastori.
724 665 760 718 at
788 659 841 719 i'lle
870 659 1013 719 corztinno
1043 658 1166 718 culicem
1198 660 1347 718 contrivit
1370 663 1402 717 et

302 772 403 829 aarum
435 776 604 849 serpentem
636 774 801 841 interemit,
834 771 1009 850 sepulcrum
1032 772 1125 830 culici
1148 772 1262 830 statuit
1289 791 1325 830 ac
1354 770 1399 829 uz·-

301 883 419 942 stz'clron
433 881 537 960 serit:
560 883 666 943 Parve
687 884 788 964 culex,
813 893 893 960 etqs
911 905 942 942 ».
968 881 1019 943 De
1042 879 1180 959 pastoris
1208 880 1335 942 somnio
1358 901 1399 942 ne

303 1011 403 1051 unum
427 991 559 1070 quidem
583 992 728 1052 verbum.

395 1100 493 1160 Haud
517 1100 680 1180 ambigam
705 1100 789 1163 sitne
813 1101 951 1180 pastoris
974 1101 1137 1162 somnium
1162 1100 1302 1163 maxima
1326 1123 1398 1180 poc·

303 1205 397 1266 matis
421 1205 584 1286 cogitatio,
610 1227 710 1268 necne
733 1205 864 1285 (mirum
888 1211 1048 1285 quantum
1065 1206 1105 1268 de
1119 1206 1178 1268 hac
1190 1228 1224 1268 re
1236 1207 1296 1268 viri
1310 1207 1396 1284 docti

303 1317 386 1376 inter
408 1337 442 1376 se
465 1316 656 1395 disceptant,
680 1338 751 1377 cum
777 1316 967 1377 descessum
991 1317 1033 1378 ad
1058 1315 1175 1378 inscros
1187 1317 1277 1377 alteri
1292 1317 1397 1400 [Teuf-

302 1423 409 1504 felius]
435 1436 557 1501 partein
575 1423 726 1485 carminis
743 1423 949 1502 peaecipuain
974 1424 1094 1503 dicant,
1118 1423 1209 1485 alteri
1235 1423 1396 1508 [Baurius]

304 1546 335 1596 et
359 1535 547 1596 descensum
573 1546 604 1596 ct
628 1556 737 1613 preces
762 1535 856 1613 ipsaS,
881 1535 1001 1614 quibus
1024 1535 1117 1596 culex
1134 1534 1195 1596 sibi
1211 1534 1394 1613 sepulcrum

302 1658 403 1726 roget,
428 1645 561 1707 omnino
585 1645 682 1706 noxia
705 1656 899 1724 argumento
928 1645 1142 1724 existiment);
1174 1646 1231 1707 sed
1262 1645 1303 1706 de
1334 1647 1398 1707 Do·

302 1759 368 1820 nati
393 1756 672 1836 praetermissione
696 1757 775 1818 hacc
798 1756 922 1818 sentio:
947 1767 1004 1818 aut
1028 1768 1131 1817 totum
1163 1755 1336 1828 somnium,
1363 1755 1396 1817 id

301 1883 349 1931 est
372 1883 404 1931 et
429 1891 537 1949 preces
561 1881 593 1930 et
617 1870 817 1941 descensum,
843 1881 899 1944 aut
923 1869 963 1931 de
987 1891 1024 1931 eo
1049 1869 1130 1931 nihil
1154 1869 1286 1932 omnino
1303 1869 1396 1932 nobis

302 1983 508 2045 tribuendum
533 2004 602 2044 esse
626 1982 779 2062 Vergilio.

388 2097 485 2175 Quod
517 2095 615 2156 obicit
648 2094 804 2166 Hildebr.,
836 2116 875 2156 cx
911 2094 1068 2157 Martialis
1096 2094 1271 2166 versiculo,
1307 2094 1395 2174 «qui

301 2209 398 2269 modo
423 2208 477 2268 vix
502 2207 634 2267 culicem
650 2209 790 2286 fleverat
812 2228 866 2286 ore
891 2208 963 2268 rudi
980 2232 1011 2279 ›>,
1036 2228 1145 2286 preces
1170 2207 1396 2268 tantummodo

299 2337 463 2395 apparere,
489 2316 521 2376 id
547 2336 611 2374 non
638 2336 768 2393 possum
786 2315 904 2376 adduci
923 2327 957 2377 ut
974 2317 1112 2378 credam.
1138 2315 1226 2395 Quin
1243 2315 1339 2377 etiam
1356 2352 1395 2362 —

300 2431 326 2491 si
352 2430 417 2490 veri
446 2428 550 2490 simile
580 2440 628 2489 est
660 2428 702 2498 id,
734 2429 822 2507 quod
852 2429 999 2494 Hildebr.
1025 2429 1102 2507 ipse,
1127 2428 1188 2490 sibi
1216 2439 1327 2490 contra
1350 2427 1395 2488 di-

300 2566 385 2614 cens,
412 2543 452 2604 dc
476 2541 659 2603 Donatiana
684 2541 839 2603 brevitate
856 2544 900 2621 (1)
917 2544 1100 2603 coniectura
1116 2551 1280 2603 assecutus
1292 2551 1341 2602 est
1352 2577 1394 2586 -

300 2649 404 2729 magis
436 2659 688 2710 consentaneum
721 2660 799 2727 puto
825 2649 982 2710 Martialis
1006 2671 1115 2711 vocem
1141 2649 1238 2710 flendi
1264 2649 1396 2711 haecsi-

297 2760 471 2839 gnilicare:
497 2761 686 2820 descensum
712 2760 753 2820 ad
770 2762 940 2821 Tartarum
954 2762 1088 2841 eiusque
1102 2762 1257 2823 immanes
1275 2784 1395 2841 poenas

296 2895 314 2933 a
342 2874 442 2933 Crrlz'ce
464 2871 606 2932 flebili
632 2893 730 2932 voce
754 2893 823 2934 esse
848 2879 985 2946 narrata,
1010 2895 1076 2953 quo
1100 2874 1224 2937 facilius
1254 2874 1393 2954 pastoris

299 2985 450 3063 pietatem
477 2984 509 3044 in
534 3005 567 3044 sc
592 2983 753 3044 excitaret.

387 3096 453 3154 Leo
486 3105 593 3154 tamen
625 3098 669 3172 (p.
704 3095 827 3171 71-72),
859 3114 932 3155 cum
965 3105 1074 3172 pastor
1104 3095 1287 3173 sepulcrum
1321 3106 1394 3174 post

301 3365 459 3372 ————

370 3469 410 3540 (i)
432 3472 538 3535 Donat,
560 3473 627 3525 dem
647 3491 677 3526 cs
696 3476 747 3526 ans
763 3477 858 3528 Ktirze
877 3476 992 3540 aukam,
1013 3477 1109 3530 durste
1128 3477 1207 3531 diese
1235 3478 1394 3532 Einzelheit

298 3584 346 3619 um
366 3583 399 3619 so
418 3566 486 3618 cher
505 3567 679 3621 unbeaclitet
703 3569 812 3632 lasseu,
839 3570 881 3621 als
900 3569 951 3622 der
971 3571 1049 3623 Kern
1070 3570 1120 3623 der
1141 3571 1300 3639 Handlung
1318 3572 1392 3625 auch

297 3661 373 3713 oliue
392 3659 491 3713 diesen
514 3663 575 3728 Zug
599 3662 786 3714 liinreicliend
811 3662 1057 3728 gckcunzeichnet
1081 3682 1139 3717 war
1162 3670 1202 3730 (p.
1224 3669 1279 3730 85).
1306 3664 1393 3731 Quod

297 3758 399 3810 attinet
417 3757 454 3809 ad
475 3758 582 3810 Donati
601 3757 893 3823 praetermissionem,
915 3758 1030 3810 duobus
1049 3758 1142 3810 causis
1161 3758 1233 3812 haec
1246 3759 1316 3812 mihi
1330 3766 1393 3813 orta

297 3851 429 3904 videtur:
451 3858 500 3904 ant
519 3851 599 3917 quod
620 3853 752 3904 Donatus
774 3851 945 3904 narrationis
969 3853 1163 3905 Suetonianae
1187 3870 1329 3907 summam
1349 3855 1393 3909 se-

297 3944 376 4007 cerit,
398 3951 447 3995 aut
466 3943 544 4009 quod
564 3944 629 4009 ipsi,
651 3943 771 4009 Vergilii
790 3943 849 3995 vita
868 3942 1045 4008 amplissime
1058 3943 1189 4010 exposita
1202 3944 1393 4012 maximisque

296 4036 432 4101 operibus
446 4036 598 4102 diligenter
611 4036 755 4102 expensis,
771 4036 854 4102 plura
867 4035 903 4088 dc
920 4036 1022 4100 (iclr'ce,
1037 4037 1111 4089 sicut
1124 4038 1161 4090 de
1175 4037 1300 4090 carmine
1311 4039 1392 4110 parvi

296 4128 446 4193 momenti,
467 4128 563 4183 dicere
581 4145 826 4197 supervacaneum
846 4128 939 4183 visum
959 4129 1004 4184 sit.
