<?xml version="1.0" encoding="UTF-8"?>
<!DOCTYPE html PUBLIC "-//W3C//DTD XHTML 1.0 Transitional//EN"
    "http://www.w3.org/TR/xhtml1/DTD/xhtml1-transitional.dtd">
<html xmlns="http://www.w3.org/1999/xhtml" xml:lang="en" lang="en">
 <head>
  <title>
</title>
<meta http-equiv="Content-Type" content="text/html;charset=utf-8" />
  <meta name='ocr-system' content='tesseract 3.04.00' />
  <meta name='ocr-capabilities' content='ocr_page ocr_carea ocr_par ocr_line ocrx_word'/>
</head>
<body>
  <div class='ocr_page' id='page_1' title='image "./deculicisauctor00vitrgoog_0017.png"; bbox 0 0 3384 5212; ppageno 0'>
   <div class='ocr_carea' id='block_1_1' title="bbox 775 487 916 527">
    <p class='ocr_par' dir='ltr' id='par_1_1' title="bbox 775 487 916 527">
     <span class='ocr_line' id='line_1_1' title="bbox 775 487 916 527; baseline -0.007 -12"><span class='ocrx_word' id='word_1_1' title='bbox 775 487 916 527; x_wconf 72' lang='lat'>..12-</span> 
     </span>
    </p>
   </div>
   <div class='ocr_carea' id='block_1_2' title="bbox 298 618 1467 1364">
    <p class='ocr_par' dir='ltr' id='par_1_2' title="bbox 298 618 1467 1364">
     <span class='ocr_line' id='line_1_2' title="bbox 390 618 1394 699; baseline 0.003 -19"><span class='ocrx_word' id='word_1_2' title='bbox 390 620 496 699; x_wconf 82' lang='lat' dir='ltr'>Quam</span> <span class='ocrx_word' id='word_1_3' title='bbox 520 618 562 681; x_wconf 93' lang='lat' dir='ltr'>ob</span> <span class='ocrx_word' id='word_1_4' title='bbox 586 639 652 680; x_wconf 90' lang='lat' dir='ltr'>rem</span> <span class='ocrx_word' id='word_1_5' title='bbox 678 618 826 680; x_wconf 88' lang='lat' dir='ltr'>nonnulli</span> <span class='ocrx_word' id='word_1_6' title='bbox 850 618 937 680; x_wconf 91' lang='lat' dir='ltr'>docti</span> <span class='ocrx_word' id='word_1_7' title='bbox 960 618 1118 692; x_wconf 75' lang='lat' dir='ltr'>homines</span> <span class='ocrx_word' id='word_1_8' title='bbox 1133 641 1206 681; x_wconf 90' lang='lat' dir='ltr'>curn</span> <span class='ocrx_word' id='word_1_9' title='bbox 1226 631 1394 683; x_wconf 88' lang='lat' dir='ltr'>recte—ut</span> 
     </span>
     <span class='ocr_line' id='line_1_3' title="bbox 299 729 1383 808; baseline 0.004 -18"><span class='ocrx_word' id='word_1_10' title='bbox 299 729 759 808; x_wconf 90' lang='lat' dir='ltr'>opinor-consideravissent,</span> <span class='ocrx_word' id='word_1_11' title='bbox 785 731 905 792; x_wconf 92' lang='lat' dir='ltr'>Donati</span> <span class='ocrx_word' id='word_1_12' title='bbox 929 731 1029 792; x_wconf 91' lang='lat' dir='ltr'>vitam</span> <span class='ocrx_word' id='word_1_13' title='bbox 1054 753 1094 793; x_wconf 89' lang='lat' dir='ltr'>ex</span> <span class='ocrx_word' id='word_1_14' title='bbox 1117 732 1214 794; x_wconf 91' lang='lat' dir='ltr'>variis</span> <span class='ocrx_word' id='word_1_15' title='bbox 1240 733 1383 794; x_wconf 83' lang='lat' dir='ltr'>sontibus</span> 
     </span>
     <span class='ocr_line' id='line_1_4' title="bbox 298 843 1392 924; baseline 0.001 -22"><span class='ocrx_word' id='word_1_16' title='bbox 298 843 439 916; x_wconf 88' lang='lat' dir='ltr'>fluxisse,</span> <span class='ocrx_word' id='word_1_17' title='bbox 449 865 554 924; x_wconf 90' lang='lat' dir='ltr'>neque</span> <span class='ocrx_word' id='word_1_18' title='bbox 570 844 611 905; x_wconf 95' lang='lat' dir='ltr'>ad</span> <span class='ocrx_word' id='word_1_19' title='bbox 628 845 724 906; x_wconf 91' lang='lat' dir='ltr'>fidem</span> <span class='ocrx_word' id='word_1_20' title='bbox 739 844 891 905; x_wconf 85' lang='lat' dir='ltr'>historiae</span> <span class='ocrx_word' id='word_1_21' title='bbox 904 862 973 905; x_wconf 88' lang='lat' dir='ltr'>esse</span> <span class='ocrx_word' id='word_1_22' title='bbox 987 855 1157 916; x_wconf 83' lang='lat' dir='ltr'>narratam,</span> <span class='ocrx_word' id='word_1_23' title='bbox 1167 843 1220 904; x_wconf 90' lang='lat' dir='ltr'>alii</span> <span class='ocrx_word' id='word_1_24' title='bbox 1237 843 1308 904; x_wconf 88' lang='lat' dir='ltr'>aliis</span> <span class='ocrx_word' id='word_1_25' title='bbox 1326 844 1392 904; x_wconf 93' lang='lat' dir='ltr'>nixi</span> 
     </span>
     <span class='ocr_line' id='line_1_5' title="bbox 299 951 1395 1038; baseline 0 -26"><span class='ocrx_word' id='word_1_26' title='bbox 299 953 519 1038; x_wconf 46' lang='lat' dir='ltr'>argumentis.)</span> <span class='ocrx_word' id='word_1_27' title='bbox 543 953 591 1032; x_wconf 91' lang='lat'>(1)</span> <span class='ocrx_word' id='word_1_28' title='bbox 626 951 901 1032; x_wconf 88' lang='lat' dir='ltr'>quemadmodum</span> <span class='ocrx_word' id='word_1_29' title='bbox 932 952 1067 1013; x_wconf 80' lang='lat' dir='ltr'>Culicem</span> <span class='ocrx_word' id='word_1_30' title='bbox 1101 963 1158 1012; x_wconf 91' lang='lat' dir='ltr'>aut</span> <span class='ocrx_word' id='word_1_31' title='bbox 1191 961 1313 1012; x_wconf 92' lang='lat' dir='ltr'>certum</span> <span class='ocrx_word' id='word_1_32' title='bbox 1337 962 1395 1012; x_wconf 89' lang='lat' dir='ltr'>aut</span> 
     </span>
     <span class='ocr_line' id='line_1_6' title="bbox 298 1063 1395 1130; baseline 0.001 -7"><span class='ocrx_word' id='word_1_33' title='bbox 298 1063 413 1124; x_wconf 83' lang='lat' dir='ltr'>falsum</span> <span class='ocrx_word' id='word_1_34' title='bbox 431 1063 535 1125; x_wconf 90' lang='lat' dir='ltr'>conati</span> <span class='ocrx_word' id='word_1_35' title='bbox 552 1075 629 1125; x_wconf 92' lang='lat' dir='ltr'>sunt</span> <span class='ocrx_word' id='word_1_36' title='bbox 643 1064 873 1130; x_wconf 86' lang='lat' dir='ltr'>demonstrare.</span> <span class='ocrx_word' id='word_1_37' title='bbox 892 1065 935 1125; x_wconf 92' lang='lat' dir='ltr'>ita</span> <span class='ocrx_word' id='word_1_38' title='bbox 959 1065 991 1125; x_wconf 94' lang='lat' dir='ltr'>in</span> <span class='ocrx_word' id='word_1_39' title='bbox 1008 1064 1151 1126; x_wconf 91' lang='lat' dir='ltr'>diversas</span> <span class='ocrx_word' id='word_1_40' title='bbox 1163 1064 1294 1125; x_wconf 91' lang='lat' dir='ltr'>adducti</span> <span class='ocrx_word' id='word_1_41' title='bbox 1318 1075 1395 1125; x_wconf 94' lang='lat' dir='ltr'>sunt</span> 
     </span>
     <span class='ocr_line' id='line_1_7' title="bbox 299 1173 1394 1260; baseline 0.002 -27"><span class='ocrx_word' id='word_1_42' title='bbox 299 1173 485 1245; x_wconf 69' lang='lat' dir='ltr'>sententias</span> <span class='ocrx_word' id='word_1_43' title='bbox 509 1194 575 1253; x_wconf 93' lang='lat' dir='ltr'>quo</span> <span class='ocrx_word' id='word_1_44' title='bbox 599 1185 743 1252; x_wconf 91' lang='lat' dir='ltr'>tempore</span> <span class='ocrx_word' id='word_1_45' title='bbox 767 1174 851 1260; x_wconf 85' lang='lat' dir='ltr'>idem</span> <span class='ocrx_word' id='word_1_46' title='bbox 877 1195 1004 1236; x_wconf 88' lang='lat' dir='ltr'>carmen</span> <span class='ocrx_word' id='word_1_47' title='bbox 1029 1175 1183 1253; x_wconf 92' lang='lat' dir='ltr'>scriptum</span> <span class='ocrx_word' id='word_1_48' title='bbox 1210 1186 1304 1238; x_wconf 88' lang='lat' dir='ltr'>esset.</span> <span class='ocrx_word' id='word_1_49' title='bbox 1329 1175 1394 1235; x_wconf 87' lang='lat' dir='ltr'>Sed</span> 
     </span>
     <span class='ocr_line' id='line_1_8' title="bbox 299 1283 1467 1364; baseline -0.001 -20"><span class='ocrx_word' id='word_1_50' title='bbox 299 1284 361 1345; x_wconf 93' lang='lat' dir='ltr'>hoc</span> <span class='ocrx_word' id='word_1_51' title='bbox 383 1306 402 1344; x_wconf 91' lang='lat' dir='ltr'>a</span> <span class='ocrx_word' id='word_1_52' title='bbox 427 1285 561 1364; x_wconf 85' lang='lat' dir='ltr'>Vergilii</span> <span class='ocrx_word' id='word_1_53' title='bbox 586 1296 690 1346; x_wconf 87' lang='lat' dir='ltr'>aetate</span> <span class='ocrx_word' id='word_1_54' title='bbox 713 1306 779 1346; x_wconf 93' lang='lat' dir='ltr'>non</span> <span class='ocrx_word' id='word_1_55' title='bbox 814 1306 884 1346; x_wconf 88' lang='lat' dir='ltr'>esse</span> <span class='ocrx_word' id='word_1_56' title='bbox 919 1285 1162 1357; x_wconf 90' lang='lat' dir='ltr'>removendum,</span> <span class='ocrx_word' id='word_1_57' title='bbox 1198 1283 1395 1345; x_wconf 89' lang='lat' dir='ltr'>existimavit</span> <span class='ocrx_word' id='word_1_58' title='bbox 1465 1284 1467 1287; x_wconf 75' lang='grc'><strong>’</strong></span> 
     </span>
    </p>
   </div>
   <div class='ocr_carea' id='block_1_3' title="bbox 301 1398 1395 1486">
    <p class='ocr_par' dir='ltr' id='par_1_3' title="bbox 301 1398 1395 1486">
     <span class='ocr_line' id='line_1_9' title="bbox 301 1398 1395 1486; baseline 0.001 -29"><span class='ocrx_word' id='word_1_59' title='bbox 301 1398 369 1476; x_wconf 88' lang='lat' dir='ltr'>ipse</span> <span class='ocrx_word' id='word_1_60' title='bbox 393 1400 460 1460; x_wconf 93' lang='lat' dir='ltr'>Leo</span> <span class='ocrx_word' id='word_1_61' title='bbox 482 1399 514 1478; x_wconf 79' lang='lat' dir='ltr'>(l.</span> <span class='ocrx_word' id='word_1_62' title='bbox 539 1421 564 1464; x_wconf 90' lang='lat' dir='ltr'>s.</span> <span class='ocrx_word' id='word_1_63' title='bbox 590 1421 620 1478; x_wconf 91' lang='lat' dir='ltr'>p.</span> <span class='ocrx_word' id='word_1_64' title='bbox 649 1404 723 1472; x_wconf 79' lang='lat' dir='ltr'>16l3</span> <span class='ocrx_word' id='word_1_65' title='bbox 748 1400 814 1486; x_wconf 84' lang='lat' dir='ltr'>qui,</span> <span class='ocrx_word' id='word_1_66' title='bbox 839 1420 1037 1479; x_wconf 88' lang='lat' dir='ltr'>quamquam</span> <span class='ocrx_word' id='word_1_67' title='bbox 1062 1398 1158 1478; x_wconf 87' lang='lat' dir='ltr'>longe</span> <span class='ocrx_word' id='word_1_68' title='bbox 1180 1398 1272 1459; x_wconf 89' lang='lat' dir='ltr'>aliter</span> <span class='ocrx_word' id='word_1_69' title='bbox 1295 1398 1395 1458; x_wconf 91' lang='lat' dir='ltr'>sensit</span> 
     </span>
    </p>
   </div>
   <div class='ocr_carea' id='block_1_4' title="bbox 299 1516 1394 1595">
    <p class='ocr_par' dir='ltr' id='par_1_4' title="bbox 299 1516 1394 1595">
     <span class='ocr_line' id='line_1_10' title="bbox 299 1516 1394 1595; baseline -0.002 -18"><span class='ocrx_word' id='word_1_70' title='bbox 299 1537 336 1577; x_wconf 89' lang='lat' dir='ltr'>ac</span> <span class='ocrx_word' id='word_1_71' title='bbox 361 1537 429 1589; x_wconf 94' lang='lat' dir='ltr'>nos,</span> <span class='ocrx_word' id='word_1_72' title='bbox 455 1516 534 1578; x_wconf 92' lang='lat' dir='ltr'>haec</span> <span class='ocrx_word' id='word_1_73' title='bbox 558 1528 664 1578; x_wconf 91' lang='lat' dir='ltr'>tamen</span> <span class='ocrx_word' id='word_1_74' title='bbox 689 1517 836 1595; x_wconf 87' lang='lat' dir='ltr'>scripsit:</span> <span class='ocrx_word' id='word_1_75' title='bbox 866 1541 884 1574; x_wconf 91' lang='lat'>«</span> <span class='ocrx_word' id='word_1_76' title='bbox 899 1519 995 1577; x_wconf 86' lang='lat' dir='ltr'>immo</span> <span class='ocrx_word' id='word_1_77' title='bbox 1017 1519 1096 1595; x_wconf 83' lang='lat' dir='ltr'>quid</span> <span class='ocrx_word' id='word_1_78' title='bbox 1108 1520 1240 1577; x_wconf 73' lang='lat' dir='ltr'>seuticuu</span> <span class='ocrx_word' id='word_1_79' title='bbox 1255 1519 1286 1576; x_wconf 89' lang='lat' dir='ltr'>si</span> <span class='ocrx_word' id='word_1_80' title='bbox 1299 1517 1394 1576; x_wconf 87' lang='lat' dir='ltr'>diceu-</span> 
     </span>
    </p>
   </div>
   <div class='ocr_carea' id='block_1_5' title="bbox 298 1634 1395 2486">
    <p class='ocr_par' dir='ltr' id='par_1_5' title="bbox 298 1634 1394 1827">
     <span class='ocr_line' id='line_1_11' title="bbox 299 1634 1394 1715; baseline 0 -23"><span class='ocrx_word' id='word_1_81' title='bbox 299 1634 450 1706; x_wconf 74' lang='lat' dir='ltr'>dumeti,</span> <span class='ocrx_word' id='word_1_82' title='bbox 474 1655 536 1695; x_wconf 83' lang='lat' dir='ltr'>nou</span> <span class='ocrx_word' id='word_1_83' title='bbox 558 1634 657 1695; x_wconf 77' lang='lat' dir='ltr'>mrtllo</span> <span class='ocrx_word' id='word_1_84' title='bbox 673 1642 749 1715; x_wconf 76' lang='lat' dir='ltr'>post</span> <span class='ocrx_word' id='word_1_85' title='bbox 778 1635 903 1715; x_wconf 79' lang='lat' dir='ltr'>Vergili</span> <span class='ocrx_word' id='word_1_86' title='bbox 923 1641 1052 1695; x_wconf 78' lang='lat' dir='ltr'>moriem</span> <span class='ocrx_word' id='word_1_87' title='bbox 1086 1655 1210 1694; x_wconf 80' lang='lat' dir='ltr'>carmen</span> <span class='ocrx_word' id='word_1_88' title='bbox 1243 1636 1394 1712; x_wconf 72' lang='lat' dir='ltr'>scribtum</span> 
     </span>
     <span class='ocr_line' id='line_1_12' title="bbox 298 1747 1390 1827; baseline -0.003 -22"><span class='ocrx_word' id='word_1_89' title='bbox 298 1765 360 1805; x_wconf 85' lang='lat' dir='ltr'>esse</span> <span class='ocrx_word' id='word_1_90' title='bbox 383 1747 484 1806; x_wconf 86' lang='lat' dir='ltr'>iudico</span> <span class='ocrx_word' id='word_1_91' title='bbox 505 1751 543 1818; x_wconf 81' lang='lat' dir='ltr'>ei,</span> <span class='ocrx_word' id='word_1_92' title='bbox 567 1749 599 1807; x_wconf 89' lang='lat' dir='ltr'>si</span> <span class='ocrx_word' id='word_1_93' title='bbox 613 1754 676 1827; x_wconf 80' lang='lat' dir='ltr'>per</span> <span class='ocrx_word' id='word_1_94' title='bbox 697 1749 865 1807; x_wconf 79' lang='lat' dir='ltr'>exordium</span> <span class='ocrx_word' id='word_1_95' title='bbox 889 1748 966 1818; x_wconf 81' lang='lat' dir='ltr'>licet,</span> <span class='ocrx_word' id='word_1_96' title='bbox 983 1753 1055 1806; x_wconf 81' lang='lat' dir='ltr'>aute</span> <span class='ocrx_word' id='word_1_97' title='bbox 1071 1753 1200 1806; x_wconf 75' lang='lat' dir='ltr'>inertem</span> <span class='ocrx_word' id='word_1_98' title='bbox 1216 1747 1390 1823; x_wconf 80' lang='lat' dir='ltr'>Augusti.»</span> 
     </span>
    </p>

    <p class='ocr_par' dir='ltr' id='par_1_6' title="bbox 300 1855 1395 2264">
     <span class='ocr_line' id='line_1_13' title="bbox 389 1855 1395 1936; baseline -0.002 -19"><span class='ocrx_word' id='word_1_99' title='bbox 389 1857 452 1918; x_wconf 93' lang='lat' dir='ltr'>Hic</span> <span class='ocrx_word' id='word_1_100' title='bbox 475 1877 552 1918; x_wconf 89' lang='lat' dir='ltr'>vero</span> <span class='ocrx_word' id='word_1_101' title='bbox 576 1878 735 1936; x_wconf 85' lang='lat' dir='ltr'>exponam</span> <span class='ocrx_word' id='word_1_102' title='bbox 760 1857 839 1936; x_wconf 92' lang='lat' dir='ltr'>quid</span> <span class='ocrx_word' id='word_1_103' title='bbox 863 1857 1024 1928; x_wconf 87' lang='lat' dir='ltr'>sentiam;</span> <span class='ocrx_word' id='word_1_104' title='bbox 1056 1857 1112 1918; x_wconf 91' lang='lat' dir='ltr'>sed</span> <span class='ocrx_word' id='word_1_105' title='bbox 1138 1856 1199 1916; x_wconf 89' lang='lat' dir='ltr'>iam</span> <span class='ocrx_word' id='word_1_106' title='bbox 1225 1877 1310 1916; x_wconf 90' lang='lat' dir='ltr'>nune</span> <span class='ocrx_word' id='word_1_107' title='bbox 1334 1855 1395 1916; x_wconf 93' lang='lat' dir='ltr'>hoc</span> 
     </span>
     <span class='ocr_line' id='line_1_14' title="bbox 300 1962 1393 2040; baseline -0.001 -18"><span class='ocrx_word' id='word_1_108' title='bbox 300 1963 492 2040; x_wconf 81' lang='lat' dir='ltr'>praedicam,</span> <span class='ocrx_word' id='word_1_109' title='bbox 518 1984 536 2022; x_wconf 88' lang='lat' dir='ltr'>a</span> <span class='ocrx_word' id='word_1_110' title='bbox 561 1984 621 2034; x_wconf 89' lang='lat' dir='ltr'>me,</span> <span class='ocrx_word' id='word_1_111' title='bbox 646 1984 758 2024; x_wconf 89' lang='lat' dir='ltr'>versus</span> <span class='ocrx_word' id='word_1_112' title='bbox 784 1968 890 2039; x_wconf 83' lang='lat'>25-36,</span> <span class='ocrx_word' id='word_1_113' title='bbox 909 1974 944 2024; x_wconf 94' lang='lat' dir='ltr'>ut</span> <span class='ocrx_word' id='word_1_114' title='bbox 968 1963 1070 2024; x_wconf 87' lang='lat' dir='ltr'>serius</span> <span class='ocrx_word' id='word_1_115' title='bbox 1086 1963 1265 2034; x_wconf 89' lang='lat' dir='ltr'>ostendam,</span> <span class='ocrx_word' id='word_1_116' title='bbox 1283 1962 1393 2023; x_wconf 90' lang='lat' dir='ltr'>haberi</span> 
     </span>
     <span class='ocr_line' id='line_1_15' title="bbox 300 2071 1395 2154; baseline 0 -22"><span class='ocrx_word' id='word_1_117' title='bbox 300 2072 481 2134; x_wconf 89' lang='lat' dir='ltr'>interiectos</span> <span class='ocrx_word' id='word_1_118' title='bbox 505 2073 545 2133; x_wconf 91' lang='lat' dir='ltr'>ab</span> <span class='ocrx_word' id='word_1_119' title='bbox 569 2092 628 2154; x_wconf 87' lang='lat' dir='ltr'>e0‚</span> <span class='ocrx_word' id='word_1_120' title='bbox 664 2071 720 2151; x_wconf 91' lang='lat' dir='ltr'>qui</span> <span class='ocrx_word' id='word_1_121' title='bbox 755 2082 931 2132; x_wconf 86' lang='lat' dir='ltr'>extremam</span> <span class='ocrx_word' id='word_1_122' title='bbox 968 2092 1099 2131; x_wconf 91' lang='lat' dir='ltr'>manum</span> <span class='ocrx_word' id='word_1_123' title='bbox 1123 2071 1211 2150; x_wconf 87' lang='lat' dir='ltr'>operi</span> <span class='ocrx_word' id='word_1_124' title='bbox 1237 2071 1395 2149; x_wconf 90' lang='lat' dir='ltr'>imposue-</span> 
     </span>
     <span class='ocr_line' id='line_1_16' title="bbox 300 2183 426 2264; baseline 0 -20"><span class='ocrx_word' id='word_1_125' title='bbox 300 2183 350 2248; x_wconf 90' lang='lat' dir='ltr'>rit.</span> <span class='ocrx_word' id='word_1_126' title='bbox 376 2185 426 2264; x_wconf 80' lang='lat'>(2)</span> 
     </span>
    </p>

    <p class='ocr_par' dir='ltr' id='par_1_7' title="bbox 299 2293 1393 2486">
     <span class='ocr_line' id='line_1_17' title="bbox 387 2293 1393 2376; baseline 0.001 -22"><span class='ocrx_word' id='word_1_127' title='bbox 387 2294 453 2372; x_wconf 77' lang='lat' dir='ltr'>Qui</span> <span class='ocrx_word' id='word_1_128' title='bbox 477 2293 628 2356; x_wconf 90' lang='lat' dir='ltr'>convenit</span> <span class='ocrx_word' id='word_1_129' title='bbox 652 2293 748 2356; x_wconf 86' lang='lat' dir='ltr'>Statii</span> <span class='ocrx_word' id='word_1_130' title='bbox 772 2315 853 2362; x_wconf 62' lang='lat' dir='ltr'>cum,</span> <span class='ocrx_word' id='word_1_131' title='bbox 871 2294 992 2355; x_wconf 91' lang='lat' dir='ltr'>Donati</span> <span class='ocrx_word' id='word_1_132' title='bbox 1017 2294 1097 2376; x_wconf 90' lang='lat' dir='ltr'>(sive</span> <span class='ocrx_word' id='word_1_133' title='bbox 1121 2295 1278 2367; x_wconf 86' lang='lat' dir='ltr'>Suetonii,</span> <span class='ocrx_word' id='word_1_134' title='bbox 1299 2296 1325 2357; x_wconf 96' lang='lat' dir='ltr'>si</span> <span class='ocrx_word' id='word_1_135' title='bbox 1349 2296 1393 2356; x_wconf 90' lang='lat' dir='ltr'>vi-</span> 
     </span>
     <span class='ocr_line' id='line_1_18' title="bbox 299 2405 1392 2486; baseline 0.005 -20"><span class='ocrx_word' id='word_1_136' title='bbox 299 2406 407 2484; x_wconf 92' lang='lat' dir='ltr'>detur)</span> <span class='ocrx_word' id='word_1_137' title='bbox 431 2407 611 2468; x_wconf 88' lang='lat' dir='ltr'>sententia?</span> <span class='ocrx_word' id='word_1_138' title='bbox 636 2409 677 2486; x_wconf 88' lang='lat' dir='ltr'>(v.</span> <span class='ocrx_word' id='word_1_139' title='bbox 696 2426 726 2483; x_wconf 87' lang='lat' dir='ltr'>p.</span> <span class='ocrx_word' id='word_1_140' title='bbox 747 2409 810 2485; x_wconf 88' lang='lat'>11.)</span> <span class='ocrx_word' id='word_1_141' title='bbox 828 2405 969 2466; x_wconf 90' lang='lat' dir='ltr'>Primum</span> <span class='ocrx_word' id='word_1_142' title='bbox 994 2407 1317 2481; x_wconf 83' lang='lat' dir='ltr'>animadvertendum</span> <span class='ocrx_word' id='word_1_143' title='bbox 1335 2421 1392 2482; x_wconf 90' lang='lat' dir='ltr'>est,</span> 
     </span>
    </p>
   </div>
   <div class='ocr_carea' id='block_1_6' title="bbox 298 2518 1394 3044">
    <p class='ocr_par' dir='ltr' id='par_1_8' title="bbox 298 2518 1394 3044">
     <span class='ocr_line' id='line_1_19' title="bbox 302 2518 1392 2599; baseline 0.003 -20"><span class='ocrx_word' id='word_1_144' title='bbox 302 2518 444 2581; x_wconf 91' lang='lat' dir='ltr'>noluisse</span> <span class='ocrx_word' id='word_1_145' title='bbox 468 2520 607 2582; x_wconf 88' lang='lat' dir='ltr'>Statium</span> <span class='ocrx_word' id='word_1_146' title='bbox 633 2540 738 2599; x_wconf 92' lang='lat' dir='ltr'>neque</span> <span class='ocrx_word' id='word_1_147' title='bbox 761 2521 802 2581; x_wconf 91' lang='lat' dir='ltr'>ad</span> <span class='ocrx_word' id='word_1_148' title='bbox 827 2520 993 2582; x_wconf 87' lang='lat' dir='ltr'>historiam</span> <span class='ocrx_word' id='word_1_149' title='bbox 1018 2521 1196 2583; x_wconf 90' lang='lat' dir='ltr'>litterarum</span> <span class='ocrx_word' id='word_1_150' title='bbox 1221 2521 1392 2583; x_wconf 87' lang='lat' dir='ltr'>latinarum</span> 
     </span>
     <span class='ocr_line' id='line_1_20' title="bbox 299 2630 1391 2710; baseline 0.003 -19"><span class='ocrx_word' id='word_1_151' title='bbox 299 2652 333 2691; x_wconf 91' lang='lat' dir='ltr'>se</span> <span class='ocrx_word' id='word_1_152' title='bbox 355 2631 508 2703; x_wconf 87' lang='lat' dir='ltr'>conferre,</span> <span class='ocrx_word' id='word_1_153' title='bbox 534 2653 648 2710; x_wconf 86' lang='lat' dir='ltr'>neque,</span> <span class='ocrx_word' id='word_1_154' title='bbox 677 2652 749 2692; x_wconf 91' lang='lat' dir='ltr'>cum</span> <span class='ocrx_word' id='word_1_155' title='bbox 775 2630 913 2709; x_wconf 91' lang='lat' dir='ltr'>plurima</span> <span class='ocrx_word' id='word_1_156' title='bbox 937 2631 1125 2710; x_wconf 85' lang='lat' dir='ltr'>scripsisset,</span> <span class='ocrx_word' id='word_1_157' title='bbox 1151 2653 1187 2692; x_wconf 90' lang='lat' dir='ltr'>ea</span> <span class='ocrx_word' id='word_1_158' title='bbox 1211 2643 1391 2710; x_wconf 90' lang='lat' dir='ltr'>temporum</span> 
     </span>
     <span class='ocr_line' id='line_1_21' title="bbox 305 2742 1394 2823; baseline 0 -19"><span class='ocrx_word' id='word_1_159' title='bbox 305 2742 418 2804; x_wconf 92' lang='lat' dir='ltr'>ordine</span> <span class='ocrx_word' id='word_1_160' title='bbox 442 2753 568 2803; x_wconf 90' lang='lat' dir='ltr'>servato</span> <span class='ocrx_word' id='word_1_161' title='bbox 604 2763 742 2808; x_wconf 89' lang='lat' dir='ltr'>narrare.</span> <span class='ocrx_word' id='word_1_162' title='bbox 768 2743 857 2804; x_wconf 88' lang='lat' dir='ltr'>ldem</span> <span class='ocrx_word' id='word_1_163' title='bbox 882 2755 1002 2815; x_wconf 88' lang='lat' dir='ltr'>contra,</span> <span class='ocrx_word' id='word_1_164' title='bbox 1028 2765 1100 2804; x_wconf 91' lang='lat' dir='ltr'>cum</span> <span class='ocrx_word' id='word_1_165' title='bbox 1126 2742 1249 2822; x_wconf 92' lang='lat' dir='ltr'>aliquid</span> <span class='ocrx_word' id='word_1_166' title='bbox 1273 2743 1394 2823; x_wconf 83' lang='lat' dir='ltr'>scribit,</span> 
     </span>
     <span class='ocr_line' id='line_1_22' title="bbox 298 2852 1393 2933; baseline 0.002 -21"><span class='ocrx_word' id='word_1_167' title='bbox 298 2852 444 2932; x_wconf 83' lang='lat' dir='ltr'>exsurgit</span> <span class='ocrx_word' id='word_1_168' title='bbox 467 2853 585 2931; x_wconf 84' lang='lat' dir='ltr'>altius,</span> <span class='ocrx_word' id='word_1_169' title='bbox 615 2875 688 2914; x_wconf 91' lang='lat' dir='ltr'>cum</span> <span class='ocrx_word' id='word_1_170' title='bbox 724 2854 765 2915; x_wconf 93' lang='lat' dir='ltr'>de</span> <span class='ocrx_word' id='word_1_171' title='bbox 788 2854 866 2915; x_wconf 85' lang='lat' dir='ltr'>viris</span> <span class='ocrx_word' id='word_1_172' title='bbox 896 2854 1090 2933; x_wconf 91' lang='lat' dir='ltr'>quibusdam</span> <span class='ocrx_word' id='word_1_173' title='bbox 1123 2853 1289 2933; x_wconf 93' lang='lat' dir='ltr'>loquitur,</span> <span class='ocrx_word' id='word_1_174' title='bbox 1322 2853 1393 2915; x_wconf 93' lang='lat' dir='ltr'>illos</span> 
     </span>
     <span class='ocr_line' id='line_1_23' title="bbox 298 2962 1392 3044; baseline 0.004 -20"><span class='ocrx_word' id='word_1_175' title='bbox 298 2983 426 3024; x_wconf 91' lang='lat' dir='ltr'>summo</span> <span class='ocrx_word' id='word_1_176' title='bbox 442 2962 547 3024; x_wconf 91' lang='lat' dir='ltr'>colore</span> <span class='ocrx_word' id='word_1_177' title='bbox 563 2963 711 3035; x_wconf 90' lang='lat' dir='ltr'>illustrat;</span> <span class='ocrx_word' id='word_1_178' title='bbox 721 2964 950 3044; x_wconf 90' lang='lat' dir='ltr'>quodcumque</span> <span class='ocrx_word' id='word_1_179' title='bbox 966 2964 1076 3026; x_wconf 90' lang='lat' dir='ltr'>laudat</span> <span class='ocrx_word' id='word_1_180' title='bbox 1090 2965 1122 3024; x_wconf 92' lang='lat' dir='ltr'>in</span> <span class='ocrx_word' id='word_1_181' title='bbox 1140 2963 1243 3024; x_wconf 94' lang='lat' dir='ltr'>maius</span> <span class='ocrx_word' id='word_1_182' title='bbox 1258 2963 1392 3028; x_wconf 91' lang='lat' dir='ltr'>extollit.</span> 
     </span>
    </p>
   </div>
   <div class='ocr_carea' id='block_1_7' title="bbox 298 3193 1394 3263">
    <p class='ocr_par' dir='ltr' id='par_1_9' title="bbox 298 3193 1394 3263">
     <span class='ocr_line' id='line_1_24' title="bbox 298 3193 1394 3263; baseline 0.003 -18"><span class='ocrx_word' id='word_1_183' title='bbox 298 3193 384 3246; x_wconf 91' lang='lat' dir='ltr'>minis</span> <span class='ocrx_word' id='word_1_184' title='bbox 402 3209 475 3259; x_wconf 90' lang='lat' dir='ltr'>esse,</span> <span class='ocrx_word' id='word_1_185' title='bbox 496 3195 546 3262; x_wconf 91' lang='lat' dir='ltr'>qui</span> <span class='ocrx_word' id='word_1_186' title='bbox 565 3196 679 3249; x_wconf 89' lang='lat' dir='ltr'>duobus</span> <span class='ocrx_word' id='word_1_187' title='bbox 692 3204 758 3263; x_wconf 90' lang='lat' dir='ltr'>post</span> <span class='ocrx_word' id='word_1_188' title='bbox 771 3196 991 3262; x_wconf 85' lang='lat' dir='ltr'>elegantissimis</span> <span class='ocrx_word' id='word_1_189' title='bbox 1005 3196 1110 3263; x_wconf 90' lang='lat' dir='ltr'>idylliis</span> <span class='ocrx_word' id='word_1_190' title='bbox 1123 3213 1228 3249; x_wconf 90' lang='lat' dir='ltr'>novam</span> <span class='ocrx_word' id='word_1_191' title='bbox 1241 3196 1337 3262; x_wconf 90' lang='lat' dir='ltr'>poesis</span> <span class='ocrx_word' id='word_1_192' title='bbox 1350 3196 1394 3248; x_wconf 93' lang='lat' dir='ltr'>la-</span> 
     </span>
    </p>
   </div>
   <div class='ocr_carea' id='block_1_8' title="bbox 297 3289 1393 3451">
    <p class='ocr_par' dir='ltr' id='par_1_10' title="bbox 297 3289 1393 3451">
     <span class='ocr_line' id='line_1_25' title="bbox 298 3289 1392 3363; baseline 0.001 -23"><span class='ocrx_word' id='word_1_193' title='bbox 298 3289 375 3340; x_wconf 88' lang='lat' dir='ltr'>tinae</span> <span class='ocrx_word' id='word_1_194' title='bbox 394 3289 476 3354; x_wconf 89' lang='lat' dir='ltr'>quasi</span> <span class='ocrx_word' id='word_1_195' title='bbox 494 3297 618 3342; x_wconf 90' lang='lat' dir='ltr'>aetatem</span> <span class='ocrx_word' id='word_1_196' title='bbox 637 3290 802 3356; x_wconf 86' lang='lat' dir='ltr'>auspicatus</span> <span class='ocrx_word' id='word_1_197' title='bbox 821 3298 889 3343; x_wconf 83' lang='lat' dir='ltr'>est»</span> <span class='ocrx_word' id='word_1_198' title='bbox 907 3290 927 3363; x_wconf 87' lang='lat'>);</span> <span class='ocrx_word' id='word_1_199' title='bbox 947 3291 1067 3343; x_wconf 82' lang='lat' dir='ltr'>Culicem</span> <span class='ocrx_word' id='word_1_200' title='bbox 1086 3298 1182 3343; x_wconf 92' lang='lat' dir='ltr'>tamen</span> <span class='ocrx_word' id='word_1_201' title='bbox 1195 3289 1326 3356; x_wconf 88' lang='lat' dir='ltr'>Vergilio</span> <span class='ocrx_word' id='word_1_202' title='bbox 1344 3290 1392 3341; x_wconf 92' lang='lat' dir='ltr'>tri-</span> 
     </span>
     <span class='ocr_line' id='line_1_26' title="bbox 297 3378 1393 3451; baseline 0.003 -21"><span class='ocrx_word' id='word_1_203' title='bbox 297 3378 446 3431; x_wconf 91' lang='lat' dir='ltr'>buendum</span> <span class='ocrx_word' id='word_1_204' title='bbox 465 3387 622 3433; x_wconf 89' lang='lat' dir='ltr'>censuerat:</span> <span class='ocrx_word' id='word_1_205' title='bbox 635 3378 664 3451; x_wconf 70' lang='lat' dir='ltr'>(a</span> <span class='ocrx_word' id='word_1_206' title='bbox 675 3382 701 3432; x_wconf 93' lang='lat' dir='ltr'><strong>T</strong></span> <span class='ocrx_word' id='word_1_207' title='bbox 703 3380 864 3445; x_wconf 87' lang='lat' dir='ltr'>estimonia,</span> <span class='ocrx_word' id='word_1_208' title='bbox 885 3381 1017 3448; x_wconf 88' lang='lat' dir='ltr'>quamvis</span> <span class='ocrx_word' id='word_1_209' title='bbox 1031 3382 1170 3434; x_wconf 90' lang='lat' dir='ltr'>talia-non</span> <span class='ocrx_word' id='word_1_210' title='bbox 1184 3381 1250 3445; x_wconf 89' lang='lat' dir='ltr'>sint,</span> <span class='ocrx_word' id='word_1_211' title='bbox 1265 3389 1297 3433; x_wconf 91' lang='lat' dir='ltr'>ut</span> <span class='ocrx_word' id='word_1_212' title='bbox 1311 3380 1393 3434; x_wconf 90' lang='lat' dir='ltr'>dubi-</span> 
     </span>
    </p>
   </div>
   <div class='ocr_carea' id='block_1_9' title="bbox 298 3473 1392 3543">
    <p class='ocr_par' dir='ltr' id='par_1_11' title="bbox 298 3473 1392 3543">
     <span class='ocr_line' id='line_1_27' title="bbox 298 3473 1392 3543; baseline 0.003 -18"><span class='ocrx_word' id='word_1_213' title='bbox 298 3473 379 3526; x_wconf 91' lang='lat' dir='ltr'>tandi</span> <span class='ocrx_word' id='word_1_214' title='bbox 398 3473 435 3526; x_wconf 89' lang='lat' dir='ltr'>de</span> <span class='ocrx_word' id='word_1_215' title='bbox 453 3474 565 3541; x_wconf 88' lang='lat' dir='ltr'>origine</span> <span class='ocrx_word' id='word_1_216' title='bbox 583 3475 725 3542; x_wconf 92' lang='lat' dir='ltr'>poematis</span> <span class='ocrx_word' id='word_1_217' title='bbox 744 3476 834 3528; x_wconf 90' lang='lat' dir='ltr'>nostri</span> <span class='ocrx_word' id='word_1_218' title='bbox 853 3476 914 3529; x_wconf 92' lang='lat' dir='ltr'>vias</span> <span class='ocrx_word' id='word_1_219' title='bbox 933 3493 1034 3529; x_wconf 91' lang='lat' dir='ltr'>omnes</span> <span class='ocrx_word' id='word_1_220' title='bbox 1062 3476 1249 3543; x_wconf 89' lang='lat' dir='ltr'>praecludant</span> <span class='ocrx_word' id='word_1_221' title='bbox 1260 3516 1266 3541; x_wconf 91' lang='lat'>,</span> <span class='ocrx_word' id='word_1_222' title='bbox 1297 3483 1392 3528; x_wconf 90' lang='lat' dir='ltr'>tamen</span> 
     </span>
    </p>
   </div>
   <div class='ocr_carea' id='block_1_10' title="bbox 297 3564 1392 3819">
    <p class='ocr_par' dir='ltr' id='par_1_12' title="bbox 297 3564 1392 3819">
     <span class='ocr_line' id='line_1_28' title="bbox 298 3564 1392 3637; baseline 0.007 -22"><span class='ocrx_word' id='word_1_223' title='bbox 298 3564 353 3616; x_wconf 93' lang='lat' dir='ltr'>nisi</span> <span class='ocrx_word' id='word_1_224' title='bbox 371 3566 547 3631; x_wconf 87' lang='lat' dir='ltr'>gravissimis</span> <span class='ocrx_word' id='word_1_225' title='bbox 565 3569 742 3634; x_wconf 86' lang='lat' dir='ltr'>argumentis</span> <span class='ocrx_word' id='word_1_226' title='bbox 765 3569 931 3634; x_wconf 88' lang='lat' dir='ltr'>evincatur,</span> <span class='ocrx_word' id='word_1_227' title='bbox 957 3587 1015 3623; x_wconf 92' lang='lat' dir='ltr'>non</span> <span class='ocrx_word' id='word_1_228' title='bbox 1035 3587 1121 3637; x_wconf 91' lang='lat' dir='ltr'>posse</span> <span class='ocrx_word' id='word_1_229' title='bbox 1145 3571 1306 3636; x_wconf 88' lang='lat' dir='ltr'>Vergilium</span> <span class='ocrx_word' id='word_1_230' title='bbox 1330 3571 1392 3622; x_wconf 90' lang='lat' dir='ltr'>eius</span> 
     </span>
     <span class='ocr_line' id='line_1_29' title="bbox 297 3659 1392 3727; baseline 0.004 -19"><span class='ocrx_word' id='word_1_231' title='bbox 297 3664 444 3709; x_wconf 89' lang='lat' dir='ltr'>auctorem</span> <span class='ocrx_word' id='word_1_232' title='bbox 455 3674 528 3724; x_wconf 91' lang='lat' dir='ltr'>esse,</span> <span class='ocrx_word' id='word_1_233' title='bbox 540 3659 694 3712; x_wconf 89' lang='lat' dir='ltr'>memoriae</span> <span class='ocrx_word' id='word_1_234' title='bbox 704 3660 839 3727; x_wconf 89' lang='lat' dir='ltr'>antiquae</span> <span class='ocrx_word' id='word_1_235' title='bbox 849 3661 960 3713; x_wconf 82' lang='lat' dir='ltr'>facilius</span> <span class='ocrx_word' id='word_1_236' title='bbox 971 3677 1057 3726; x_wconf 91' lang='lat' dir='ltr'>quam</span> <span class='ocrx_word' id='word_1_237' title='bbox 1069 3661 1261 3714; x_wconf 90' lang='lat' dir='ltr'>recentiorum</span> <span class='ocrx_word' id='word_1_238' title='bbox 1276 3660 1392 3713; x_wconf 87' lang='lat' dir='ltr'>coniec-</span> 
     </span>
     <span class='ocr_line' id='line_1_30' title="bbox 297 3745 1389 3819; baseline 0.004 -23"><span class='ocrx_word' id='word_1_239' title='bbox 297 3745 369 3797; x_wconf 92' lang='lat' dir='ltr'>turis</span> <span class='ocrx_word' id='word_1_240' title='bbox 388 3745 475 3799; x_wconf 91' lang='lat' dir='ltr'>fidem</span> <span class='ocrx_word' id='word_1_241' title='bbox 495 3748 608 3801; x_wconf 91' lang='lat' dir='ltr'>habebo</span> <span class='ocrx_word' id='word_1_242' title='bbox 621 3770 633 3794; x_wconf 76' lang='lat' dir='ltr'>r</span> <span class='ocrx_word' id='word_1_243' title='bbox 651 3747 671 3819; x_wconf 83' lang='lat'>);</span> <span class='ocrx_word' id='word_1_244' title='bbox 686 3748 738 3801; x_wconf 92' lang='lat' dir='ltr'>sed</span> <span class='ocrx_word' id='word_1_245' title='bbox 751 3756 863 3814; x_wconf 89' lang='lat' dir='ltr'>postea,</span> <span class='ocrx_word' id='word_1_246' title='bbox 879 3750 1081 3800; x_wconf 75' lang='lat' dir='ltr'>BnEimENSIO</span> <span class='ocrx_word' id='word_1_247' title='bbox 1101 3750 1266 3813; x_wconf 66' lang='lat' dir='ltr'>obsecutus</span> <span class='ocrx_word' id='word_1_248' title='bbox 1282 3747 1318 3800; x_wconf 88' lang='lat' dir='ltr'>de</span> <span class='ocrx_word' id='word_1_249' title='bbox 1337 3765 1389 3800; x_wconf 89' lang='lat' dir='ltr'>sua</span> 
     </span>
    </p>
   </div>
   <div class='ocr_carea' id='block_1_11' title="bbox 298 3841 1391 4007">
    <p class='ocr_par' dir='ltr' id='par_1_13' title="bbox 298 3841 1391 4007">
     <span class='ocr_line' id='line_1_31' title="bbox 298 3841 1391 3914; baseline 0.003 -22"><span class='ocrx_word' id='word_1_250' title='bbox 298 3841 440 3894; x_wconf 87' lang='lat' dir='ltr'>sententia</span> <span class='ocrx_word' id='word_1_251' title='bbox 450 3843 582 3896; x_wconf 87' lang='lat' dir='ltr'>decessit.</span> <span class='ocrx_word' id='word_1_252' title='bbox 592 3842 641 3914; x_wconf 86' lang='lat' dir='ltr'>(V.</span> <span class='ocrx_word' id='word_1_253' title='bbox 657 3844 813 3910; x_wconf 77' lang='lat' dir='ltr'>Appendix</span> <span class='ocrx_word' id='word_1_254' title='bbox 825 3843 993 3909; x_wconf 72' lang='lat' dir='ltr'>vergiliana,</span> <span class='ocrx_word' id='word_1_255' title='bbox 1009 3844 1146 3909; x_wconf 78' lang='lat' dir='ltr'>Prolegg.</span> <span class='ocrx_word' id='word_1_256' title='bbox 1163 3842 1291 3908; x_wconf 87' lang='lat' dir='ltr'>Leipzig.</span> <span class='ocrx_word' id='word_1_257' title='bbox 1303 3843 1391 3914; x_wconf 82' lang='lat'>1895).</span> 
     </span>
     <span class='ocr_line' id='line_1_32' title="bbox 370 3933 995 4007; baseline -0.003 -18"><span class='ocrx_word' id='word_1_258' title='bbox 370 3933 409 4007; x_wconf 79' lang='grc' dir='ltr'>(ι)</span> <span class='ocrx_word' id='word_1_259' title='bbox 430 3937 475 3990; x_wconf 89' lang='lat' dir='ltr'>De</span> <span class='ocrx_word' id='word_1_260' title='bbox 493 3938 548 3990; x_wconf 90' lang='lat' dir='ltr'>hoc</span> <span class='ocrx_word' id='word_1_261' title='bbox 567 3938 637 3990; x_wconf 86' lang='lat' dir='ltr'>alias</span> <span class='ocrx_word' id='word_1_262' title='bbox 655 3938 785 4004; x_wconf 89' lang='lat' dir='ltr'>pluribus</span> <span class='ocrx_word' id='word_1_263' title='bbox 804 3954 853 4004; x_wconf 91' lang='lat' dir='ltr'>pg.</span> <span class='ocrx_word' id='word_1_264' title='bbox 879 3952 910 4002; x_wconf 87' lang='lat'>15</span> <span class='ocrx_word' id='word_1_265' title='bbox 931 3953 995 4003; x_wconf 90' lang='lat' dir='ltr'>sqq.</span> 
     </span>
    </p>
   </div>
   <div class='ocr_carea' id='block_1_12' title="bbox 370 4030 643 4104">
    <p class='ocr_par' dir='ltr' id='par_1_14' title="bbox 370 4030 643 4104">
     <span class='ocr_line' id='line_1_33' title="bbox 370 4030 643 4104; baseline 0.004 -21"><span class='ocrx_word' id='word_1_266' title='bbox 370 4030 409 4104; x_wconf 84' lang='lat'>(2)</span> <span class='ocrx_word' id='word_1_267' title='bbox 430 4031 473 4085; x_wconf 84' lang='lat' dir='ltr'>Cf.</span> <span class='ocrx_word' id='word_1_268' title='bbox 495 4049 524 4099; x_wconf 88' lang='lat' dir='ltr'>p.</span> <span class='ocrx_word' id='word_1_269' title='bbox 546 4035 580 4097; x_wconf 88' lang='lat'>38</span> <span class='ocrx_word' id='word_1_270' title='bbox 599 4047 643 4098; x_wconf 91' lang='lat' dir='ltr'>sq.</span> 
     </span>
    </p>
   </div>
   <div class='ocr_carea' id='block_1_13' title="bbox 0 0 1696 5212">
    <p class='ocr_par' dir='ltr' id='par_1_15' title="bbox 0 0 1696 5212">
     <span class='ocr_line' id='line_1_34' title="bbox 0 0 1696 5212; baseline 0 0"><span class='ocrx_word' id='word_1_271' title='bbox 0 0 1696 5212; x_wconf 95' lang='lat' dir='ltr'> </span> 
     </span>
    </p>
   </div>
  </div>
 </body>
</html>
