3384 5212
777 512 917 569 ,η-

390 644 539 726 Denique
572 649 661 727 quod
696 649 850 722 obiciunt,
878 661 1043 729 pastorem>
1076 651 1108 712 in
1149 652 1259 726 Culice,
1283 664 1394 718 contra

300 778 397 836 quam
423 759 586 839 Vergilius
610 760 678 839 ipse
702 761 734 822 in
764 763 927 841 Georgicis
950 765 1146 843 praeceperit
1166 767 1393 846 (111,324-326

302 873 439 934 Luciferi
465 872 570 951 primo
604 895 677 934 cum
713 874 818 936 sidere
852 874 969 954 frigida
1004 897 1078 937 rura
1103 877 1290 955 Carpamus,
1315 878 1393 939 dum

302 1004 396 1044 mane
420 1004 550 1055 novum,
575 984 653 1044 dum
689 984 837 1062 gramina
860 997 976 1047 canent
1006 988 1048 1048 Et
1072 1008 1123 1049 ros
1140 988 1179 1048 in
1211 1000 1319 1050 tenera
1343 1010 1395 1069 pe·

301 1097 365 1157 cori
400 1098 604 1176 gratissimus
629 1099 740 1178 herba)
776 1100 895 1162 montis
920 1101 995 1180 iuga
1029 1122 1156 1162 summa
1179 1123 1251 1163 eum
1283 1123 1392 1183 grege,

300 1219 371 1268 orto
396 1208 456 1268 iam
482 1208 559 1287 sole,
581 1220 697 1287 petere,
723 1230 822 1288 quare
846 1232 897 1270 vv.
915 1229 956 1286 42
971 1230 1013 1288 44
1037 1211 1182 1290 Vergilio
1206 1211 1303 1273 tribui
1328 1233 1393 1274 non

300 1339 394 1396 posse
408 1339 414 1391 ;
448 1320 490 1392 id,
516 1341 580 1381 non
609 1320 713 1399 magis
736 1340 834 1399 quam
859 1321 1041 1399 superiores
1065 1321 1213 1394 rationes,
1239 1344 1299 1384 nos
1321 1345 1392 1385 eon-

300 1431 409 1495 vincit.

389 1543 438 1602 Ac
462 1541 601 1620 primum
627 1541 782 1613 omnium,
807 1541 844 1612 si,
870 1552 905 1602 ut
928 1562 1025 1621 supra
1052 1543 1195 1605 diximus
1221 1557 1394 1624 «penetra-

301 1651 354 1712 bat
366 1676 384 1710 »
412 1674 470 1731 pro
497 1676 514 1710 ‹<
527 1664 739 1731 penetrarat»
770 1665 818 1716 est
842 1654 1025 1734 legendum,
1056 1657 1283 1734 Georgicorum
1306 1678 1394 1735 prae·

299 1773 427 1840 ceptum
452 1761 574 1840 optime
590 1761 741 1822 convenit
764 1782 836 1823 cum
862 1763 1016 1840 temporis
1040 1762 1273 1844 designatione,
1293 1786 1392 1845 quam

300 1874 332 1934 in
362 1875 464 1934 Culice
487 1874 679 1935 invenimus.
698 1875 857 1954 Namque,
882 1896 955 1936 cum
980 1875 1028 1936 sol
1052 1875 1165 1954 incipit
1180 1876 1213 1937 in
1229 1877 1298 1938 vias
1314 1878 1392 1939 caeli
1429 1938 1441 1958 ,Ι

300 1985 534 2066 ingredi-hoc
549 1985 635 2046 enim
652 1985 813 2065 significat
829 1986 1048 2064 imperfectum
1066 1999 1194 2066 tempus
1220 2012 1238 2046 «
1250 2000 1393 2067 penetra·
1446 1990 1448 1996 ’

301 2103 354 2162 bat
366 2100 579 2161 »-nondum
596 2099 662 2160 vim
680 2100 776 2160 habet
791 2100 956 2161 auferendi
974 2100 1062 2165 roris.
1081 2101 1130 2162 Sit
1143 2125 1167 2159 ·‹<
1179 2112 1361 2180 penetrarat
1373 2125 1390 2159 s

300 2210 483 2290 legendum.
509 2210 554 2270 At
576 2220 663 2269 certo
688 2227 755 2270 non
780 2209 956 2281 meridiem,
982 2211 1038 2272 sed
1066 2211 1186 2290 primas
1209 2211 1273 2272 diei
1298 2211 1392 2272 horas

300 2321 463 2401 Vergilius
486 2320 648 2399 describit;
672 2320 832 2398 siquidem
858 2319 927 2397 ipse
943 2319 1045 2381 serius
1069 2319 1225 2382 versiculo
1254 2338 1313 2398 107
1331 2341 1394 2381 me·

300 2432 413 2492 ridiem
439 2431 607 2492 manifesto
632 2431 768 2491 indicat:

478 2654 543 2714 Iam
569 2654 691 2714 medias
714 2674 846 2732 operum
871 2664 978 2731 partes
1001 2664 1131 2715 evectus
1153 2664 1222 2714 erat
1244 2653 1302 2715 sol.

389 2876 549 2945 Ceterum,
575 2896 640 2954 quo
655 2907 656 2911 =
674 2874 812 2953 quisque
836 2874 943 2940 iunior
965 2885 1023 2945 est,
1047 2895 1086 2937 eo
1121 2874 1228 2935 miuus
1251 2873 1391 2954 diligens

299 2989 332 3049 in
358 3010 482 3050 morum
499 3010 536 3048 ac
553 2987 637 3048 vitae
661 2986 839 3047 imitatione
854 3007 924 3046 esse
939 2985 1030 3056 solet;
1054 2985 1263 3064 quamobrem
1288 3005 1393 3065 neque

300 3100 495 3170 incredibile,
514 3120 618 3178 neque
643 3098 758 3159 mirum
784 3109 945 3176 putamus,
964 3109 1090 3176 poetam
1114 3097 1289 3176 aliquando
1312 3117 1393 3158 erra·

299 3212 393 3282 visse,
418 3211 616 3289 priusquam,
643 3210 686 3270 ita
709 3210 847 3288 perfecte
871 3221 907 3270 ut
931 3209 963 3269 in
986 3211 1160 3289 Georgicis,
1184 3221 1330 3269 naturam
1349 3228 1393 3268 re·

299 3344 370 3383 rum
395 3333 427 3383 et
450 3322 551 3400 ipsam
586 3321 753 3382 veritatem
778 3321 1009 3399 descripsisset.
1036 3323 1201 3381 Praeterea
1232 3319 1265 3379 in
1298 3320 1392 3380 Geor·

298 3515 456 3524 -.—-—-..--

299 3607 434 3658 Ceterum
453 3604 476 3657 si
498 3606 649 3659 linceus.
670 3623 772 3658 omnes
791 3605 1032 3671 transgressiones
1050 3605 1165 3670 generis
1184 3604 1314 3657 eiusdem
1333 3605 1392 3658 aui·

298 3697 509 3759 madvertisset,
530 3713 587 3748 nou
616 3696 704 3748 modo
723 3696 753 3749 in
772 3695 926 3758 Bucolicis,
947 3694 1000 3745 sed
1027 3694 1114 3746 etiam
1144 3694 1172 3747 in
1194 3695 1344 3759 Georgicis
1362 3705 1392 3749 et

297 3790 433 3854 Aeneide,
449 3790 604 3855 permultas
624 3789 789 3853 invenisset,
805 3789 839 3841 iis
852 3787 970 3840 omnino
991 3787 1166 3850 consimiles
1182 3802 1256 3852 quae
1274 3787 1391 3851 quidem

299 3884 382 3937 initio
401 3892 523 3950 possunt
551 3884 579 3937 in
603 3885 697 3938 (iilice
715 3884 884 3937 audaciores
903 3883 1003 3936 videri.
1025 3882 1082 3935 Cir.
1103 3888 1135 3934 ut
1162 3882 1297 3946 exemplo
1317 3889 1389 3947 utar,

302 3979 362 4030 Cui.
384 3995 410 4043 4,
434 3996 475 4042 12,
499 3982 625 4043 140,153
645 3995 709 4030 cum
729 3979 802 4032 Aen.
818 3979 919 4043 viss,
936 3990 996 4043 137,
1018 3992 1079 4042 449,
1095 3980 1156 4041 548,
1172 3979 1233 4042 890.
1255 3977 1297 4028 Ita
1316 3976 1393 4029 cadit

298 4073 384 4126 etiam
396 4072 474 4139 quod
486 4074 642 4124 Hrcusnu.
655 4072 684 4124 in
695 4072 835 4125 versiculo
848 4088 877 4124 12
891 4071 1075 4124 vehementer
1085 4070 1271 4137 exprobravit
1281 4069 1321 4141 (p.
1334 4069 1389 4142 32).
