3384 5212
815 425 956 492 ..3⁶-

422 570 534 634 Serius
557 591 634 634 vero
659 570 806 650 Elysium
823 591 896 632 cum
913 571 1048 632 Tartaro
1067 569 1277 632 coniunctum
1292 580 1351 642 est;
1369 591 1435 632 non

336 680 380 743 ita
404 692 511 743 tamen
537 693 573 743 ut
596 681 677 743 nihil
712 681 796 742 inter
830 681 971 760 primum
995 691 1027 741 et
1050 680 1228 742 secundum
1254 679 1432 754 interesset,

334 791 392 853 sed
415 803 452 853 ut
473 792 563 865 alter,
587 792 644 872 qui
668 792 895 855 sceleratorum
919 803 1003 855 esset
1026 792 1119 854 sedes
1149 813 1186 853 ac
1217 790 1317 870 regio,
1341 790 1434 853 alteri

336 904 563 984 opponeretur,
587 904 676 984 quod
701 906 858 967 bonorum
883 905 1077 986 piorumque
1093 905 1216 968 umbris
1232 904 1433 967 domicilium

336 1018 511 1096 praeberet.

423 1131 521 1211 Quod
545 1153 618 1194 cum
643 1131 706 1193 iam
731 1133 850 1195 sactum
874 1145 957 1196 esset
981 1134 1116 1216 Vergilii
1149 1133 1349 1213 temporibus
1372 1134 1432 1213 (1),

336 1243 417 1305 nihil
442 1243 626 1305 mirandum
649 1256 718 1306 erat
741 1247 830 1325 quod
855 1246 887 1307 in
917 1247 1020 1310 Culire
1042 1247 1084 1309 de
1110 1247 1193 1325 «pia
1216 1246 1322 1308 sede»
1349 1255 1434 1307 esset

338 1355 468 1418 mentio.
786 1342 789 1347 .

426 1467 491 1529 Sed
515 1466 684 1529 redeamus
707 1468 749 1529 ad
772 1489 884 1531 versus
912 1488 1017 1545 11-19.
1043 1470 1113 1531 Hos
1142 1465 1433 1540 Hildebrandtius,

337 1600 401 1642 non
424 1579 529 1641 solum
553 1580 643 1659 quod
666 1580 803 1642 alterum
822 1582 992 1644 exordium
1008 1582 1237 1663 significarent,
1255 1581 1312 1643 sed
1330 1579 1434 1660 magis
1533 1655 1535 1661 Ι

248 1754 251 1758 Α
336 1686 432 1748 etiam
457 1669 546 1764 quod
568 1686 716 1748 versibus
740 1693 792 1765 4·8
818 1689 938 1751 Aetnae
968 1688 1126 1768 poematis
1159 1698 1268 1750 essent
1301 1686 1433 1759 similes,

340 1796 540 1865 adulterinos
563 1796 770 1869 existimavit;
795 1819 900 1878 neque
923 1798 1016 1872 vidit,
1033 1820 1145 1861 versus
1168 1801 1289 1860 Aetnae
1311 1797 1353 1858 ab
1375 1796 1436 1869 his,

336 1928 434 1986 quam
459 1906 518 1981 hos
541 1907 581 1968 ab
606 1906 669 1967 illis
692 1906 824 1969 fluxisse
848 1908 951 1988 magis
975 1930 1044 1971 esse
1068 1909 1136 1971 veri
1160 1908 1274 1972 simile.

427 2018 525 2097 Quod
560 2017 655 2096 plane
689 2018 750 2080 erit
784 2019 1001 2098 perspicuum,
1026 2021 1053 2082 si
1084 2042 1158 2082 cum
1181 2019 1290 2082 alteris
1317 2019 1434 2081 alteros

341 2129 608 2208 comparabimus.
1504 2113 1506 2116 ¹

790 2347 859 2414 Cul.
889 2369 994 2426 11219.

429 2567 573 2628 Latonae
596 2565 772 2647 magnique
796 2566 881 2629 Iovis
905 2567 1003 2631 decus
1026 2590 1124 2631 aurea
1148 2570 1263 2648 proles,

429 2678 579 2740 Phoebus
602 2678 663 2741 erit
686 2679 788 2741 nostri
812 2679 962 2763 princeps
983 2693 1017 2743 et
1040 2683 1192 2745 carminis
1214 2693 1327 2745 auctor

429 2801 461 2851 et
485 2789 646 2852 recinente
669 2790 738 2870 lyra
762 2791 876 2864 fautor,
901 2792 969 2854 sive
992 2794 1109 2855 educat
1133 2794 1223 2856 illum

428 2898 519 2959 Arna
543 2896 733 2958 Chimaereo
756 2897 881 2958 Xanthi
904 2899 1035 2977 perfusa
1059 2899 1193 2979 liquore,

430 3022 486 3063 seu
511 3000 609 3063 decus
632 3001 780 3063 Asteriae
803 3022 859 3063 seu
883 3023 947 3082 qua
972 3004 1123 3066 Parnasia
1147 3025 1243 3084 rupes

375 3113 379 3122 '
430 3111 506 3172 hinc
528 3121 626 3190 atque
650 3111 726 3173 hinc
748 3112 858 3190 patula
881 3115 1072 3192 praepandit
1095 3137 1215 3177 cornua
1238 3116 1343 3177 fronte

430 3222 652 3301 Castaliaeque
675 3245 793 3285 sonans
817 3224 942 3305 liquido
967 3228 1048 3305 pede
1072 3228 1190 3289 labitur
1214 3229 1311 3293 unda.

430 3354 539 3412 quare,
566 3333 660 3395 Pierii
684 3334 786 3396 laticis
810 3336 917 3408 decuS,
944 3337 996 3410 ite,
1020 3359 1146 3400 sorores

431 3443 561 3516 NaideS,
586 3455 618 3506 et
641 3445 798 3508 celebrate
821 3446 918 3508 deum
943 3447 1075 3510 ludente
1098 3450 1224 3515 chorea.

411 3938 458 4008 (ι)
484 3937 528 3992 Cf.
558 3938 726 3992 Srsaauuu
740 3969 772 3978 -
786 3938 870 3998 Studi
896 3937 1008 4004 critici,
1036 3954 1112 4009 quae
1140 3954 1227 4023 supra
1254 3937 1433 4005 memoravi,

342 4048 371 4099 P·
393 4045 427 4098 79
445 4047 509 4100 sqq·
