3384 5212
772 591 912 652 -39,-

384 833 527 913 propulit
549 855 567 895 e
590 833 725 895 stabulis
748 832 790 894 ad
814 833 932 911 pabula
955 832 1037 894 laeta
1060 833 1197 911 capellas

382 957 492 1024 pastor
515 956 547 1006 et
571 932 695 1021 excelsi
713 945 831 1007 montis
856 945 933 1025 iuga
956 966 1083 1006 summa
1107 944 1230 1024 petivit,

383 1058 488 1119 lurida
511 1080 575 1138 qua
599 1059 727 1137 patulos
750 1059 900 1119 velabant
923 1057 1070 1136 gramina
1094 1057 1200 1120 colles

384 1171 447 1231 iam
471 1171 560 1232 silvis
583 1170 756 1250 dumisque
779 1191 890 1250 vagae,
916 1169 978 1230 iam
1002 1170 1140 1231 vallibus
1163 1168 1288 1230 abdunt

384 1303 527 1360 corpora,
553 1281 682 1361 iamque
705 1280 794 1343 omni
818 1280 935 1342 celeres
958 1302 976 1340 e
1003 1292 1093 1359 parte
1116 1289 1271 1359 vagantes

384 1395 562 1456 tondebant
584 1405 694 1456 tenero
718 1393 892 1455 viridantia
915 1393 1064 1473 gramina
1090 1413 1210 1456 morsu.

384 1616 470 1675 Num
495 1613 748 1693 intellegendum
771 1625 828 1685 est,
854 1635 927 1675 cum
959 1612 1077 1692 pabula
1113 1612 1263 1673 dicantur
1298 1613 1389 1681 laeta,

296 1719 505 1785 viridantium
530 1724 713 1804 graminum
730 1716 935 1785 ¹mentionem
960 1745 1029 1784 esse
1053 1723 1311 1802 repugnantem?

386 1835 484 1915 Quod
515 1847 622 1896 autem
657 1835 773 1896 attinet
795 1836 836 1896 ad
864 1835 1030 1895 «lurida...
1055 1834 1245 1914 gramina»,
1271 1833 1391 1894 scilicet

297 1947 338 2007 ad
369 1967 406 2006 ea
444 1945 581 2024 «qualia
616 1945 648 2005 in
680 1945 816 2005 summis
852 1945 1010 2005 montium
1048 1945 1132 2024 iugis
1168 1946 1235 2005 sole
1270 1944 1391 2005 torrida

297 2058 568 2137 conspiciuntur»
597 2060 652 2138 (1),
678 2069 772 2136 poeta
808 2058 976 2118 manifesto
1011 2057 1089 2118 dicit
1112 2057 1153 2118 ad
1177 2078 1303 2118 ea-non
1328 2057 1390 2119 iam

298 2169 445 2246 capellas
470 2167 527 2228 sed
551 2167 657 2246 ipsum
683 2180 842 2246 pastorem
875 2168 1062 2247 perrexisse.
1087 2170 1201 2247 Neque
1235 2189 1312 2229 vero
1347 2169 1393 2228 in·

299 2280 452 2343 consulte.

388 2391 538 2468 Namque
561 2409 672 2449 omnes
696 2398 849 2466 pastores
874 2410 946 2449 cum
971 2410 1082 2468 capras
1106 2389 1156 2451 vel
1180 2390 1316 2468 capellas
1340 2412 1393 2469 pa-

298 2514 383 2563 stum
419 2512 521 2581 agunt
556 2500 588 2560 in
625 2511 759 2581 monteS,
788 2521 914 2578 semper
948 2503 1144 2563 antecedunt
1177 2504 1391 2582 apertioribus

300 2615 377 2676 locis
414 2627 593 2693 pergentes
619 2625 654 2674 ut
677 2624 709 2674 et
732 2614 895 2674 coniectus
929 2614 1033 2674 vitent
1068 2615 1211 2692 lapidum
1243 2617 1284 2676 ab
1319 2617 1392 2678 altis

300 2728 464 2789 montibus
487 2726 698 2788 resilientium
729 2727 812 2803 (mos
836 2735 884 2785 est
907 2724 992 2785 enim
1029 2724 1222 2802 capellarum
1249 2726 1280 2785 in
1306 2749 1393 2787 mon·

300 2836 395 2907 tibus
421 2847 456 2896 ut
491 2836 587 2896 modo
617 2837 679 2895 huc
708 2835 804 2894 modo
838 2835 913 2894 illuc
948 2833 1202 2912 circumsiliant)‚
1228 2847 1259 2895 et
1288 2846 1391 2896 totum

299 2961 430 3025 gregem
455 2945 516 3006 sub
540 2944 640 3004 oculis
665 2953 772 3003 tenere
795 2942 929 3020 possint.

389 3058 497 3136 Quare
522 3067 631 3135 pastor
655 3054 751 3114 huius
786 3053 952 3132 poematis,
978 3055 1065 3114 solus
1096 3055 1241 3114 «excelsi
1275 3056 1392 3117 montis

300 3168 376 3247 iuga
399 3188 525 3228 summa
549 3166 696 3245 petivit»
724 3166 825 3246 (quod
850 3165 946 3225 etiam
963 3165 1154 3226 confirmant
1178 3188 1228 3231 vv.
1255 3173 1296 3243 48
1321 3189 1391 3247 sqq,

300 3276 565 3355 quandoquidem
590 3296 647 3336 nec
671 3275 770 3335 silvae
794 3295 852 3334 nec
878 3275 977 3335 valles
1002 3275 1034 3334 in
1059 3276 1194 3336 summis
1230 3278 1394 3339 montibus

300 3389 525 3468 reperiuntur);
549 3388 688 3466 capellae
712 3398 829 3457 autem,
856 3386 910 3446 ubi
939 3386 1080 3464 primum
1115 3387 1288 3449 viridantia
1323 3410 1394 3470 gra-

301 3502 388 3563 mina
423 3502 624 3572 invenerunt,
650 3501 712 3561 huc
746 3511 844 3578 atque
880 3500 954 3560 illuc
989 3500 1132 3578 dilapsae
1169 3514 1254 3574 sunt,
1286 3515 1321 3563 ut
1356 3503 1394 3563 iis

301 3626 514 3678 vescerentur.

394 3731 443 3789 Ne
459 3729 501 3790 sit
517 3729 577 3790 hoc
600 3748 723 3798 verum;
749 3749 826 3787 num
850 3748 962 3788 omnes
987 3728 1113 3798 herbae,
1131 3728 1262 3807 quaein
1281 3741 1395 3789 natura

301 3849 387 3916 sunt,
403 3839 523 3916 pariter
539 3838 721 3899 virescunt?
747 3838 849 3897 Immo
866 3847 997 3896 naturae
1015 3835 1147 3895 historia
1164 3837 1257 3895 docet
1273 3856 1394 3913 earum,

302 4072 461 4084 ..ἠ-.-

373 4163 413 4239 (r)
433 4165 497 4218 Leo
515 4181 545 4234 p.
566 4168 610 4232 36.
