3384 5212
821 457 963 530 45-

436 615 586 688 Ceterum
610 624 675 688 fere
697 642 820 704 omnes,
842 625 900 705 qui
924 643 991 688 rem
1016 623 1181 686 metricam
1199 620 1232 684 in
1255 621 1358 685 Culice
1372 637 1439 702 per·

251 740 254 746 ’
345 741 444 802 secuti
468 751 553 813 sunt,
578 740 611 801 in
628 739 678 801 his
703 740 839 801 Bantius
854 741 902 820 (1)
927 739 1041 820 Eglius
1057 742 1105 820 (2)
1122 738 1262 800 Lederer
1279 738 1334 818 (3),
1351 734 1440 799 haud

344 853 436 914 facile
460 852 597 914 inveniri
621 869 716 932 posse
745 851 900 913 dixerunt
922 848 1203 912 dissimilitudines
1227 870 1301 912 cum
1326 849 1440 912 ceteris

346 965 480 1046 Vergilii
504 965 702 1028 carminibus
726 967 792 1044 (4);
824 964 924 1025 immo
947 956 978 1025 si'
997 964 1180 1026 audiendus
1210 974 1259 1025 est
1290 962 1440 1040 Lederer,

345 1076 401 1155 qui
425 1076 571 1155 dactylos
594 1082 627 1137 et
649 1075 824 1154 spondeos,
853 1090 926 1135 eum
952 1073 984 1134 in
1008 1073 1160 1135 omnibus
1182 1073 1279 1135 certis
1303 1068 1439 1152 Vergilii

344 1182 540 1242 carminibus
571 1191 640 1242 tum
671 1180 768 1242 etiam
801 1175 833 1240 in
871 1179 974 1241 Colice
1002 1190 1035 1241 et
1071 1176 1155 1252 ciri,
1191 1180 1440 1260 diligentissime

344 1301 531 1371 persecutus
553 1302 611 1362 est,
641 1288 775 1350 Culicem
802 1288 948 1368 Vergilio
971 1289 1105 1352 omnino
1118 1290 1259 1352 tribuere
1273 1287 1437 1353 debemus.

435 1420 464 1461 2.
482 1400 578 1460 Nunc
600 1398 641 1460 de
665 1397 777 1459 Ellis'io
794 1397 840 1482 (5)
856 1397 991 1470 dicatur,
1009 1398 1065 1477 qui
1082 1398 1170 1459 haud
1187 1397 1379 1476 disceptavit
1394 1419 1440 1460 es·

345 1521 435 1571 setne
459 1510 520 1570 hoc
549 1522 678 1570 oartnen
710 1501 855 1588 Vergilio
885 1507 1095 1569 tribuendum
1124 1527 1245 1578 necne;
1272 1508 1330 1569 sed
1353 1529 1437 1580 cum,

344 1620 432 1698 apud
458 1614 665 1682 Parthenium
689 1622 735 1700 (6)
758 1619 855 1680 miser
878 1619 996 1681 amoris
1027 1638 1120 1682 casus
1151 1630 1350 1692 narraretur,
1382 1620 1438 1698 qui

346 1727 379 1788 in
404 1727 503 1807 Epiro
526 1742 627 1807 prope
648 1728 829 1790 Chaoniam
844 1739 878 1789 et
888 1725 1114 1807 Thespmtiam
1127 1728 1304 1800 accidisset,
1316 1726 1439 1807 quique

345 1840 460 1902 similis
482 1851 567 1902 esset
589 1833 870 1920 fabulaeAgaves
901 1839 1096 1911 Thebanae;
1124 1828 1263 1919 cumque
1287 1849 1381 1918 poeta
1405 1839 1438 1900 in

350 1951 455 2012 Culice
474 1952 517 2012 de
541 1953 655 2032 Agave
677 1952 790 2012 eodem
817 1951 914 2012 modo
946 1952 1141 2030 loqueretur,
1172 1951 1370 2029 eaedemque
1394 1972 1440 2013 re·

337 2055 457 2140 ⁴giones
480 2063 669 2125 viderentur
691 2063 890 2133 illustratae3
915 2050 1003 2133 haec,
1028 2074 1065 2124 ut
1087 2062 1198 2141 paucis
1233 2063 1436 2143 complectar,

344 2168 527 2230 coniectura
550 2181 720 2232 assecutus
741 2181 811 2232 est:
837 2190 907 2232 esse
929 2189 1058 2233 carmen
1082 2172 1291 2234 tribuendum

476 2288 509 2363 a)
530 2293 590 2343 aut
612 2282 757 2363 Vergilio
767 2313 812 2328 ω
824 2282 882 2362 qui
905 2283 955 2345 vel
978 2305 1019 2345 ex
1031 2300 1146 2364 graeca
1158 2283 1283 2364 sylloge
1296 2284 1436 2363 quadam

343 2393 510 2470 posteriori
536 2394 768 2457 Parthenianae
791 2395 898 2474 simili,
923 2396 973 2458 vel
990 2417 1029 2457 ex
1042 2396 1111 2475 ipsa
1129 2394 1316 2457 Pharthenii
1333 2416 1438 2457 narra-

344 2503 441 2576 tione,
466 2504 516 2565 vel
540 2519 580 2566 ex
600 2499 667 2566 alio
690 2505 778 2567 sonte
802 2506 968 2568 materiam
993 2526 1119 2568 sumere
1143 2506 1270 2584 potuit3

476 2617 505 2697 b)
528 2627 586 2677 aut
609 2616 793 2678 nesciocui
816 2626 932 2696 poetae
955 2618 1022 2697 qui,
1047 2617 1248 2697 Thesprotiis
1282 2617 1361 2679 locis
1389 2639 1439 2680 co·

342 2727 454 2810 gultis,
478 2728 529 2790 vel
552 2729 594 2791 ad
618 2729 790 2791 Octavium
815 2746 962 2809 puerum,
975 2730 1167 2809 Apolloniae
1182 2741 1373 2804 versantem,
1386 2732 1437 2793 vel
1526 2804 1529 2809 ἱ

342 2839 384 2900 ad
408 2840 590 2914 Octavium,
616 2830 796 2903 Actiacum
810 2841 973 2914 victorem,
994 2842 1127 2905 Culicem
1139 2843 1324 2904 assentandi
1342 2865 1438 2906 causa

342 2951 476 3013 sortasse
498 2951 595 3013 misit.

414 3180 453 3254 (r)
473 3184 510 3236 V.
531 3197 615 3250 opus,
636 3182 716 3251 quod
734 3200 821 3252 supra
838 3185 1108 3262 nominavimusqad
1127 3198 1155 3252 p.
1178 3203 1203 3252 9.

414 3275 454 3348 (a)
473 3278 597 3344 Beitrag
621 3292 676 3331 aar
703 3280 872 3345 Erkldrung
897 3279 950 3332 der
971 3279 1270 3346 pseudovergilncten
1301 3279 1437 3335 Gedichle

344 3369 472 3438 Leipzig,
488 3375 574 3437 1896.
1525 3439 1528 3445 ι

414 3463 453 3536 (3)
472 3466 516 3517 lat
548 3462 647 3532 Vergil
671 3467 724 3520 der
756 3467 907 3533 Versasser
931 3483 986 3521 von
1015 3486 1030 3519 «
1046 3467 1166 3522 Culex»
1195 3470 1256 3522 uad
1282 3487 1297 3520 «
1319 3470 1435 3524 Ciris».

343 3558 437 3612 Wien.
461 3563 538 3626 1890.

413 3645 453 3719 (4)
473 3647 552 3702 nnn
571 3649 665 3702 dream
684 3649 721 3703 ae
741 3650 784 3715 ns,
814 3651 864 3718 qur
889 3650 1057 3717 singulatim
1082 3646 1229 3720 aratum,
1254 3652 1437 3723 auvarorum,
1532 3629 1535 3633 ’

342 3742 463 3809 hiatum,
483 3744 739 3810 productionem...
760 3747 904 3813 persecuti
923 3756 999 3800 sunt.
1022 3742 1086 3799 Hos
1104 3762 1206 3801 omnes
1225 3749 1371 3814 sapienter
1389 3764 1436 3802 ex-

343 3839 491 3904 probravit
510 3841 602 3894 Hrtn.
624 3839 663 3910 (p.
675 3839 788 3912 '13-17).
809 3842 846 3893 V.
868 3849 1017 3907 praeterea
1037 3843 1101 3894 LEo
1121 3841 1161 3913 (p.
1185 3841 1239 3913 16).

414 3932 453 4005 (5)
472 3930 500 3987 Α
517 3935 620 4000 theory
640 3935 673 3988 of
679 3933 731 3988 the
741 3937 842 4000 Culex,
854 3934 884 3988 in
901 3936 1039 3989 Classical
1046 3934 1171 3990 Review.
1187 3941 1295 4003 1896p.
1311 3941 1435 4004 177-183.

414 4028 453 4101 (6)
472 4028 536 4098 περὶ
555 4029 693 4098 ἐρωτικῶν
711 4027 897 4098 παθημάτων.
917 4031 1039 4083 XXXII.
1061 4031 1109 4084 fin.
