3384 5212
774 493 916 547 ,44-

387 625 477 687 Nihil
501 646 587 695 saue,
613 636 649 686 ut
672 645 751 687 reor.
789 626 834 687 At
858 626 1069 698 Ribbeckius,
1101 648 1175 688 cum
1208 625 1288 686 illud
1315 637 1402 709 «ta-¹

299 735 384 796 libus
409 735 441 795 in
466 735 616 797 studiis»
644 755 708 795 non
733 736 774 796 ad
798 747 970 815 pastorem,
988 737 1058 821 *sed
1085 736 1127 797 ad
1158 756 1270 814 capras
1301 736 1396 814 perti·
1494 757 1496 762 ’

298 871 378 912 nens
401 850 615 911 existimasset
632 852 688 929 (1),
702 870 754 910 vv.
769 853 888 925 98-103
903 860 976 927 post
991 867 1030 927 57
1049 848 1242 911 traiciendos
1258 848 1393 910 censuit.

386 959 494 1039 Quod,
519 981 592 1020 cum
618 960 650 1020 in
675 958 772 1020 nullis
796 958 886 1021 libris
908 958 952 1020 sit
966 949 1127 1019 eiusmodi
1143 954 1394 1036 perturbationis

299 1071 464 1143 indicium,
490 1070 583 1131 nobis
606 1068 739 1131 omnino
763 1091 827 1132 non
852 1069 1015 1148 probatur.

386 1185 512 1263 ltaque,
539 1193 575 1243 ut
598 1181 884 1243 Hildebrandtium
909 1201 1040 1262 quoque
1063 1181 1309 1260 exprobramus,
1337 1181 1395 1260 qui

296 1299 338 1360 de
367 1296 512 1358 versibus
544 1300 663 1372 98-103
689 1294 774 1356 idem
806 1293 941 1356 senserit
971 1315 1045 1356 cum
1078 1293 1394 1355 Ribbeckio—non

300 1407 344 1469 ita
367 1418 474 1467 tamen
499 1415 534 1465 ut
550 1403 646 1465 huius
661 1404 908 1467 audacissimam
927 1404 1145 1466 traiectionem
1163 1404 1322 1482 probaret,
1339 1403 1396 1465 sed

301 1529 336 1580 ut
352 1541 403 1580 vv.
424 1522 531 1594 58·97,
556 1515 714 1594 poematis
737 1516 928 1576 sententiam
955 1515 1074 1577 iudicio
1098 1515 1167 1577 eius
1185 1515 1395 1586 involventes,

301 1627 499 1690 existimaret
521 1626 720 1688 adulterinos
734 1625 834 1686 -sic
857 1636 1085 1704 argumentum
1114 1622 1306 1696 invenimus,
1331 1645 1397 1703 quo

302 1738 399 1801 iidem
424 1759 536 1800 versus
561 1742 656 1815 58-97
682 1736 827 1816 Vergilio
850 1736 1084 1801 adiudicemus

390 1851 455 1912 Sed
480 1850 558 1913 haec
581 1851 738 1911 hactenus
751 1869 758 1921 ;
792 1870 878 1911 nune
900 1849 942 1911 ad
967 1848 1195 1910 narrationem*
1216 1847 1399 1914 redeamus.

303 1964 369 2024 lam
394 1962 561 2023 inflexerat
583 1961 631 2023 sol
655 1981 784 2022 cursum
808 1961 849 2023 ad
875 1960 1052 2032 meridiem,
1077 1972 1109 2022 et
1125 1972 1235 2039 pastor
1250 1959 1397 2038 capellas,

301 2074 343 2135 ad
366 2093 484 2152 aquam
508 2083 602 2133 antea
626 2071 749 2143 ductas,
778 2096 795 2130 ‹<
811 2075 937 2150 currebat
959 2072 992 2134 in
1010 2074 1139 2134 umbras
1155 2097 1185 2138 >>.
1212 2074 1302 2152 Quas
1328 2095 1346 2129 <‹
1363 2083 1400 2133 ut

302 2184 413 2262 procul
444 2183 570 2261 aspexit
600 2183 673 2245 luco
705 2185 844 2247 residere
874 2185 1038 2258 virenti»,
1073 2186 1218 2248 «mitem
1252 2184 1400 2263 concepit

303 2293 464 2370 proiectus
488 2294 632 2354 membra
655 2315 803 2373 soporem
817 2320 848 2360 >>.

395 2405 458 2468 Hic
481 2405 626 2487 plerique
649 2407 745 2480 docti,
771 2431 844 2471 cum
861 2432 890 2471 v.
912 2431 982 2486 109,
1000 2410 1090 2490 quod
1105 2409 1221 2472 attinet
1235 2409 1278 2471 ad
1294 2430 1400 2489 gram·

306 2514 466 2588 maticam,
492 2536 556 2577 non
580 2515 658 2577 satis
681 2527 749 2578 arte
772 2537 845 2578 cum
870 2539 900 2582 v.
930 2537 991 2594 154
1007 2518 1224 2596 coniungatur
1241 2518 1400 2598 (versibus

305 2627 390 2689 enim
420 2647 558 2706 110-153
583 2629 675 2691 lucus
700 2631 926 2691 tantummodo
950 2630 1123 2710 diligenter
1146 2631 1351 2709 describitur)
1368 2644 1401 2694 et

253 2715 258 2724 Ι
305 2739 498 2800 versiculum
527 2741 616 2802 nulla
647 2742 687 2802 de
717 2729 882 2803 codicibus
914 2742 1023 2803 habita
1055 2742 1178 2803 ratione
1212 2742 1402 2804 emendave-
1442 2736 1446 2745 ’

307 2865 382 2915 runt
406 2855 462 2933 (2),
494 2865 526 2915 et
556 2864 656 2915 totam
689 2855 752 2916 luci
785 2854 1033 2933 descriptionem
1066 2854 1328 2933 repudiaverunt.
1360 2857 1402 2916 Et

270 3017 272 3024 .
307 2975 414 3025 tamen
439 2984 504 3024 non
528 2963 646 3027 desunt
669 2964 816 3043 exempla
839 2966 926 3043 apud
950 2965 1142 3045 Vergilium,
1171 2965 1203 3026 in
1227 2967 1347 3045 quibus
1370 2979 1403 3029 et

306 3073 550 3157 ἀνακόλουθον,
573 3074 661 3153 quod
686 3074 799 3135 dicunt
821 3075 1191 3157 grammatici—idque
1214 3077 1265 3138 vel
1282 3077 1403 3156 digres-

307 3185 397 3246 sione
421 3185 562 3264 quadam
588 3185 671 3246 inter
694 3185 775 3247 duas
799 3186 974 3248 sententias
999 3187 1187 3266 interposita
1204 3190 1338 3269 (Georg.
1358 3189 1402 3249 lV

309 3298 421 3375 67-70)
434 3297 485 3358 vel
499 3297 587 3359 nulla
601 3298 789 3376 interposita
800 3299 1001 3378 digressione
1014 3303 1105 3380 (Aen.
1119 3303 1165 3363 Vl
1178 3303 1334 3378 4982499)
1348 3305 1401 3381 (3);

308 3421 340 3471 et
363 3408 579 3489 digressiones
603 3430 667 3471 non
691 3410 783 3473 aliter
807 3412 922 3490 longae
945 3424 1043 3492 atque
1061 3413 1093 3474 in
1113 3414 1215 3476 Colice
1238 3413 1403 3475 invenian-

381 3815 419 3883 (r)
438 3815 481 3868 cf.
504 3815 687 3868 Rheinisclres
706 3816 836 3867 narseum
848 3814 908 3878 fiir
925 3814 1095 3880 Philologie.
1120 3819 1196 3881 1863,
1219 3832 1247 3881 p.
1272 3831 1330 3868 102.

383 3911 419 3980 (2)
442 3913 679 3965 Bannxmvsrus:
702 3915 763 3964 Nec
782 3911 882 3977 procul
902 3911 964 3977 ipse
983 3912 1043 3964 exit
1062 3913 1128 3965 luco
1148 3912 1274 3965 residere
1289 3911 1402 3974 vi1·enti;

312 4008 608 4060 Hrcnsssxnnn‘rrus:
632 4009 712 4059 Haut
723 4005 830 4071 ‚procul
850 4005 912 4070 ipsc
930 4004 990 4056 exit
1009 4005 1074 4057 luco
1094 3987 1220 4059 residere
1240 4005 1354 4058 virenti.

383 4098 428 4165 (3)
447 4096 491 4148 Cf.
513 4097 699 4151 Snunxnun:
721 4095 806 4149 Studi
823 4094 919 4147 critici
935 4110 965 4161 p.
988 4109 1031 4165 5²·
