3384 5212
784 482 908 534 ..9...

389 617 435 680 At
458 617 553 698 quale
576 628 804 698 argumentum
828 618 1016 691 attulerunt,
1041 640 1107 699 quo
1131 639 1197 681 rem
1223 618 1266 681 ita
1290 640 1324 681 se
1339 615 1393 679 ha-

300 726 408 788 buisse
431 725 729 789 demonstraretur?
755 730 800 811 (1)

390 835 457 896 Alii
481 856 568 909 vero,
594 858 667 898 cum
693 837 726 899 id
750 839 942 920 impugnare
965 839 1189 901 difficillimum
1214 859 1283 899 esse
1307 837 1396 899 intel-

301 948 463 1020 lexissent,
489 948 651 1028 simulque
675 971 803 1012 carmen
819 952 964 1032 Vergilio
980 951 1120 1013 tribuere
1136 950 1322 1021 noluissent,
1340 949 1396 1010 mi-

302 1059 390 1119 nima
404 1078 552 1137 quaeque
569 1059 868 1123 animadverterunt
883 1064 927 1143 (2)
942 1085 947 1123 :
962 1083 1101 1141 cumque
1125 1060 1291 1132 Martialis,
1318 1060 1395 1121 item

301 1167 433 1239 Statius,
459 1166 536 1229 locis
560 1167 755 1246 quibusdam
781 1171 1164 1250 Batrachomyomoclzz'am
1181 1172 1325 1232 Homero
1343 1170 1395 1230 tri-

300 1281 456 1364 buissent,
482 1281 514 1342 id
539 1283 627 1361 quod
650 1304 715 1345 vox
739 1285 902 1364 quaedam
928 1285 1013 1347 illius
1029 1285 1143 1347 aetatis
1162 1295 1246 1346 recte
1261 1283 1329 1346 fieri
1345 1304 1397 1345 ne-

299 1403 442 1473 gaverat,
469 1391 637 1471 utriusque
661 1394 825 1473 scriptoris
842 1395 937 1457 fidem
955 1395 1208 1457 infirmaverunt.
1225 1392 1394 1470 Sedhaec,

305 1526 389 1584 quae
413 1503 589 1583 speciosius
606 1525 703 1584 quam
728 1506 836 1568 verius
859 1508 1052 1579 obiciuntur,
1067 1506 1159 1568 nobis
1175 1505 1307 1586 quidem
1332 1526 1396 1566 non

301 1614 379 1678 talia
402 1614 564 1686 videntur,
590 1626 627 1676 ut
651 1636 709 1676 nos
732 1615 923 1690 deterreant,
948 1639 989 1678 ne
1018 1617 1151 1678 Culicem
1176 1616 1320 1696 Vergilio
1344 1615 1397 1677 tri-

304 1727 449 1787 buamus.
476 1726 657 1788 Servabant
680 1726 766 1786 enim
792 1727 932 1787 Romani
956 1726 1009 1805 pie
1032 1726 1249 1806 inviolateque
1262 1725 1395 1787 Homeri

305 1836 501 1907 memoriam,
527 1834 619 1896 cuius
643 1855 761 1895 nomen
787 1833 849 1895 iam
875 1833 1063 1912 posteritati,
1088 1856 1161 1895 cum
1186 1836 1285 1895 Iliade
1298 1845 1330 1895 et
1358 1836 1397 1896 0-

303 1948 420 2026 dyssea,
446 1957 515 2008 tum
540 1945 761 2025 compluribus
777 1945 848 2006 aliis
864 1945 1070 2016 carminibus,
1096 1946 1128 2006 in
1153 1945 1203 2006 his
1226 1947 1396 2006 Batracho-

282 2060 508 2141 ¹mycnnaclzia,
534 2057 698 2138 proditum
724 2068 801 2129 erat;
816 2078 920 2136 neque
944 2057 1110 2127 Martialis
1135 2077 1240 2136 neque
1263 2055 1394 2126 Statius,

302 2190 360 2230 nec
384 2168 557 2249 quisquam
583 2168 938 2248 Romanus—,quippe
961 2168 1016 2248 qui
1044 2167 1275 2247 «antiquitatis
1298 2165 1397 2228 scien·

301 2283 409 2346 tiam»
436 2306 533 2364 quam
559 2285 681 2357 dicunt,
708 2284 852 2345 nondum
877 2282 1190 2345 invenisset—aliter
1216 2281 1257 2342 de
1280 2282 1396 2343 Batra-

300 2626 414 2692 generis
433 2625 573 2691 eiusdem,
593 2643 668 2693 quae
681 2628 716 2680 ab
730 2626 856 2692 antiquis
869 2622 1056 2690 scriptoribus
1068 2622 1152 2674 nobis
1165 2621 1270 2675 tradita
1282 2622 1339 2675 sint
1349 2625 1393 2675 Ρ-

301 2722 388 2786 Quod
408 2721 445 2774 ad
463 2738 585 2789 operum
605 2720 804 2787 inscriptiones
823 2720 926 2771 attinet
944 2716 1022 2784 apud
1040 2723 1151 2768 veteres
1169 2715 1326 2782 scriptore,
1356 2717 1392 2770 cf.

308 2816 438 2868 L'llr'ade
456 2819 641 2880 commentata
659 2816 695 2868 da
716 2815 747 2866 C.
770 2815 805 2865 O.
827 2815 972 2866 Zonarrr.
994 2812 1016 2863 I.
1036 2811 1062 2862 T
1063 2810 1146 2862 orino
1167 2812 1244 2874 1896,
1264 2827 1293 2876 p.
1316 2826 1340 2862 2.

373 2907 413 2980 (Ι)
436 2927 450 2959 «
464 2910 508 2962 De
521 2909 690 2976 appendicis
703 2908 888 2975 Vergilianae
902 2906 1020 2959 historia
1032 2912 1061 2958 et
1073 2903 1138 2958 fatis
1151 2927 1162 2952 »
1185 2904 1232 2957 via
1244 2912 1273 2956 et
1285 2904 1396 2957 ratione

299 3000 456 3066 disputavit
476 3001 520 3054 his
539 3001 643 3054 diebus
663 3003 854 3053 Furnsnrcus
875 3001 939 3051 Lao
960 2997 989 3068 (l.
1011 3015 1033 3050 s.
1054 3014 1103 3063 pg.
1127 2994 1233 3066 17-20);
1253 2995 1313 3062 qui,
1328 3012 1394 3048 cum

299 3093 396 3146 omnia
415 3093 594 3159 antiquitatis
609 3093 775 3146 testimonia
788 3091 969 3158 inspexisset,
984 3098 1067 3142 acute
1085 3088 1235 3153 conclusit,
1250 3089 1395 3143 neminem

299 3202 385 3251 posse
404 3202 440 3238 ex
459 3185 494 3238 iis
513 3187 627 3239 firmum
647 3194 850 3252 argumentum
870 3185 986 3244 ducere,
1001 3200 1069 3252 quo,
1084 3199 1295 3249 eorum-quae
1307 3184 1395 3249 vulgo

298 3278 428 3345 Vergilio
448 3279 639 3343 tribuerentur
654 3279 851 3331 —carminum
871 3277 1013 3344 integram
1032 3276 1179 3343 quandam
1198 3276 1327 3342 syllogen
1346 3293 1394 3328 an-

301 3371 387 3438 tiquis
406 3373 584 3438 temporibus
603 3372 742 3435 extitisse,
763 3371 935 3424 adfirmaret.

370 3461 409 3534 (2)
428 3464 465 3517 V.
478 3465 658 3517 Baua-Isi
665 3465 717 3516 der
733 3480 786 3515 uns
805 3461 985 3527 iibcrlieserle
1001 3462 1094 3514 Culex
1112 3461 1158 3513 ein
1171 3461 1396 3528 Jugengediclzle

298 3557 347 3608 des
372 3556 541 3621 Vergilius?
559 3556 604 3626 (in
618 3557 799 3621 salzrbr’tclrer
809 3554 869 3620 srtr
885 3554 1045 3620 Plrilologie
1071 3555 1130 3605 und
1155 3554 1327 3619 Prtdagogic.
1348 3571 1393 3620 93.

298 3662 346 3712 pg.
373 3662 426 3712 359
445 3645 502 3717 sq.)
524 3649 691 3700 Praeterea:
713 3644 1007 3710 Scirum—Eimge
1025 3646 1243 3710 Ergrtnsrmgen
1256 3644 1296 3714 (in
1316 3647 1396 3699 Zeil-

299 3740 405 3806 sclurfl
415 3739 476 3804 fiir
493 3741 539 3792 die
557 3740 808 3792 osterreich-eserici»
831 3738 1011 3803 Gyznnasten,
1035 3741 1112 3802 18⁶7.
1126 3754 1176 3803 pg.
1198 3741 1248 3801 775
1268 3737 1324 3809 sq.)
1339 3741 1396 3793 Hic

299 3831 404 3884 iisdem
423 3832 481 3885 sere
492 3833 651 3885 rationibus
665 3831 874 3884 Suetonianum
887 3847 1005 3897 quoque
1018 3829 1214 3883 testimonium
1228 3829 1391 3897 infirmavit;

298 3928 350 3980 sed
372 3930 652 3980 Hnnunnmnrms
673 3943 738 3979 cum
758 3934 949 3992 utroque-ut
967 3926 1005 3978 ita
1024 3925 1212 3978 dicam-iam
1238 3925 1393 3981 decertavit

298 4020 327 4092 (1.
349 4038 372 4075 s.
394 4037 422 4087 p.
445 4019 490 4094 22)
509 4028 607 4074 et—ut
625 4021 654 4075 in
674 4020 778 4076 eodem
796 4019 882 4074 simili
897 4016 1125 4073 ¹verser-victor
1144 4017 1284 4071 discessit.
